2796 4958
798 638 850 703 70.

322 814 435 881 tellites
465 812 542 898 regii
576 808 808 877 trucidarentur
828 808 864 894 ¹).
922 805 1194 876 perniciosissima
1226 821 1337 875 auum

324 932 356 986 et
386 920 475 1007 eujus
507 916 642 986 effectus
672 936 731 1002 per
760 913 939 980 diuturnum
971 925 1097 1001 tempus
1128 913 1337 990 sentiebatur,

326 1024 489 1113 expeditio
512 1045 540 1090 a.
562 1021 627 1088 881
644 1019 767 1088 -882
796 1032 963 1107 suscepta,
994 1031 1078 1101 erat,
1116 1040 1178 1109 qua
1207 1030 1338 1107 praeter

327 1131 457 1198 Galliam
481 1129 641 1216 Belgicam
671 1139 735 1195 teta
767 1147 872 1215 paene
902 1127 1049 1214 Ripuaria
1078 1148 1151 1195 cum
1181 1138 1246 1193 tam
1276 1126 1339 1193 fre-

327 1237 497 1326 quentibus
521 1247 553 1303 et
577 1247 640 1302 tam
663 1235 757 1302 claris
781 1232 926 1310 urbibus,
951 1233 1104 1312 castellis,
1127 1232 1338 1310 monasteriis,

327 1365 459 1430 prorsus
483 1343 658 1430 exspoliata
685 1352 749 1420 est,
772 1340 978 1426 Noviomago,
1003 1339 1135 1408 Colonia
1155 1338 1338 1426 Agrippina,

326 1450 523 1537 aquisgrano
548 1448 626 1527 „ubi
651 1448 682 1514 in
710 1445 834 1532 capella
856 1446 941 1532 regis
966 1445 1056 1534 equis
1085 1446 1151 1512 suis
1178 1443 1339 1511 stabulum

325 1555 493 1633 lecerunt'’,
516 1556 656 1642 Augusta
683 1552 892 1629 Trevirorum,
916 1551 1078 1618 Divoduro
1102 1551 1236 1638 aliisque
1261 1549 1338 1617 mul-

327 1661 365 1725 tis
398 1659 574 1727 combustis
598 1659 633 1744 ²).
684 1657 731 1724 ld
762 1677 857 1745 quam
889 1658 1100 1725 calamitatem
1128 1656 1338 1743 respicientes

327 1766 471 1852 episcopi
489 1765 676 1852 Maguutiaci
692 1762 885 1852 congregati,
910 1765 1016 1830 verbis
1037 1760 1292 1831 lamentabilibus
1311 1761 1338 1848 ⁸)

327 1872 449 1958 patriae
474 1871 635 1938 miseriam
660 1868 883 1957 depinxerunt:
914 1870 1043 1949 „Videte
1068 1881 1100 1936 et
1124 1867 1338 1944 considerate,

327 1998 422 2064 quarn
453 1977 634 2064 praeclara,
668 1976 785 2043 nobilia
814 1997 980 2042 servorum
1009 1977 1067 2042 Dei
1102 1973 1251 2043 aedificia
1282 1973 1339 2042 de-

326 2093 445 2148 structa
470 2095 501 2149 et
524 2083 656 2150 incensa
679 2095 758 2160 sunt,
783 2094 815 2149 et
837 2082 975 2149 funditus
991 2082 1032 2149 ad
1051 2082 1177 2148 nihilum
1197 2082 1339 2150 redacta.

327 2189 442 2256 Altaria
468 2189 598 2257 defossa
622 2202 655 2257 et
679 2190 803 2276 penitus
834 2190 1035 2266 conculcata,
1068 2203 1256 2256 ornamenta
1287 2209 1341 2256 ec-

331 2295 498 2360 elesiarum
531 2298 587 2362 Dei
624 2295 716 2362 valde
752 2295 893 2382 pretiosa
923 2307 955 2361 et
987 2295 1118 2363 mirifica
1151 2297 1279 2383 direpta
1309 2308 1341 2362 et

328 2401 391 2486 igni
412 2412 533 2467 exusta.
579 2403 728 2488 Episcopi
753 2414 784 2467 et
805 2399 995 2468 sacerdotes
1019 2413 1051 2467 et
1074 2403 1192 2469 caeteri
1219 2400 1340 2467 ordinis

330 2506 489 2572 ecclesiae
520 2508 589 2585 viri,
625 2506 730 2594 gladio
767 2508 900 2573 truncati
930 2517 962 2574 et
995 2506 1134 2594 diversis
1162 2529 1341 2596 poenarum

330 2611 502 2699 generibus
525 2615 618 2680 murti
642 2612 760 2679 addicti
806 2612 917 2679 Omnis
934 2624 1024 2679 aetas
1049 2614 1211 2702 utriusque
1234 2635 1342 2694 sexus,

331 2717 438 2805 gladio
469 2731 501 2785 et
530 2719 620 2805 igue,
657 2719 784 2786 diverso
815 2719 961 2786 mortium
997 2739 1117 2805 genere
1150 2725 1342 2812 consumpti.

331 2822 446 2890 Omnia
470 2823 695 2891 desiderabilia
718 2835 751 2890 et
781 2825 922 2912 pretiosa
945 2825 1040 2891 nubis
1064 2825 1169 2892 ablata
1192 2841 1274 2896 suut
1300 2869 1340 2882 -

333 2929 429 3016 Cujus
458 2930 675 2998 subversionis
709 2931 885 3018 periculum
919 2930 1043 2998 incolae
1078 2935 1345 3003 monasteriorum

332 3036 496 3123 utriusque
526 3056 621 3103 senus
646 3048 840 3115 metuentes,
870 3037 932 3102 buc
956 3036 1092 3124 illucque
1120 3053 1276 3124 vagantur
1299 3044 1345 3108 iu·

335 3140 414 3206 certi
437 3141 628 3230 penitusque
653 3144 737 3218 omni
760 3143 873 3209 solatio
897 3141 1051 3220 destituti,
1082 3143 1158 3230 quid
1181 3147 1345 3232 agendum

338 3267 443 3334 quove
464 3247 698 3329 declinandum,
722 3247 892 3315 errabundi
917 3268 989 3314 cum
1002 3249 1145 3334 periculo
1168 3272 1248 3320 suae
1270 3271 1347 3342 pro-

326 3351 489 3431 fessionis,
513 3369 545 3420 et
568 3354 637 3421 sine
661 3367 791 3442 pastore
816 3355 983 3441 ignorant.’'
1025 3355 1174 3423 Similiter
1198 3357 1240 3424 de
1264 3373 1347 3427 teni-

332 3460 419 3544 poris
444 3458 533 3526 illius¹
547 3462 636 3528 malis
658 3469 756 3550 petita
776 3462 860 3528 Saxo
876 3462 926 3527 liis
945 3460 1053 3528 verbis
1076 3466 1283 3552 conqueritur
1302 3469 1346 3552 ⁴):

335 3565 423 3640 „Vae
453 3566 523 3644 tibi,
555 3588 614 3634 vae
645 3568 697 3634 tali
728 3567 826 3635 modo
858 3568 1031 3637 defensore
1063 3570 1181 3637 carenti
1213 3573 1346 3651 Fraude,

335 3691 430 3756 quam
454 3672 547 3739 variis
571 3672 715 3740 cladibus
739 3670 956 3762 opprimeris?
1002 3675 1155 3742 Gentibus
1184 3696 1267 3744 ecce
1291 3702 1347 3766 pa·

408 3875 435 3937 1)
470 3877 633 3942 Ann.Fuld.,
655 3882 716 3930 880.

342 3994 344 4001 Α
407 3963 433 4024 a)
468 3965 533 4014 ann.
547 3965 664 4028 vedast,
680 3971 742 4031 aea,
760 3968 823 4031 aeg.
844 3971 904 4030 ear,
920 3973 979 4031 esa,
997 3970 1064 4019 nnn.
1079 3969 1159 4030 autu,
1180 3975 1231 4022 asi
1246 3979 1348 4035 -ear,

336 4053 467 4127 Hinemar,
490 4057 551 4115 881,
571 4058 632 4118 882,
652 4057 716 4106 lun.
735 4056 772 4106 st.
791 4055 922 4108 Maximini
939 4057 1036 4108 Trevlr.
1054 4071 1078 4109 a.
1097 4062 1158 4108 882.

410 4141 435 4202 a)
472 4142 556 4192 lleusl
573 4143 641 4194 llvll
659 4157 687 4207 p.
700 4148 743 4196 62.

411 4225 436 4295 t)
472 4229 528 4280 Lib.
549 4230 577 4293 V,
597 4244 623 4281 v.
644 4235 693 4284 tot
714 4231 805 4296 (Perta
824 4233 869 4284 SS.
890 4233 909 4294 l,
931 4230 1007 4295 alt).
