2796 4958
323 825 509 894 Conradinis
540 845 644 912 paene
668 825 879 905 solummodo,
909 847 950 892 ne
978 827 1130 894 intestinis
1160 827 1332 896 discordiis

322 934 502 1000 et-exteris.
516 929 607 996 bellis
630 931 800 998 Germania
823 931 857 997 in
875 951 952 998 suas
975 933 1181 1001 diduceretur
1202 935 1331 1021 provin-

322 1040 400 1118 cias,
422 1037 606 1124 impeditum
629 1038 669 1103 sit
690 1035 724 1122 ¹),
747 1036 907 1104 hocloco
930 1059 994 1104 non
1024 1039 1248 1126 explicandum
1272 1051 1330 1107 est

321 1145 368 1217 Ab
384 1143 519 1223 Arnullo,
541 1143 594 1230 qui
617 1143 731 1210 multas
755 1147 825 1224 ejus
844 1145 1020 1210 interventu
1044 1145 1134 1212 dedit
1156 1144 1284 1211 chartas
1302 1143 1330 1230 ’l

321 1250 464 1331 „illustris
488 1249 649 1335 pontilex”
671 1261 819 1326 vocatur,
850 1270 947 1338 quem
971 1250 1024 1328 „in
1046 1250 1193 1328 divinis'',
1221 1250 1329 1339 inquit.

322 1369 355 1424 et
391 1355 536 1422 humanis
574 1356 708 1442 negocis
749 1355 931 1442 religiosum
968 1369 1160 1444 acutumque
1199 1357 1329 1443 agnori-

317 1483 392 1529 mus
410 1467 457 1541 ⁸),
486 1461 623 1547 scriptor
653 1460 815 1527 Fuldensis
834 1462 861 1548 ⁴)
889 1461 1049 1529 bominem
1081 1483 1154 1528 eum
1183 1460 1328 1540 „subtilis

321 1566 457 1654 ingenii’
480 1565 578 1632 luisse
601 1577 741 1633 testator.
783 1568 912 1653 Regino,
936 1569 988 1656 qui
1013 1567 1110 1634 libros
1131 1567 1223 1644 duos,
1246 1588 1328 1654 quos

321 1676 363 1743 de
386 1671 595 1762 synodalibus
624 1674 729 1738 causis
758 1675 952 1761 composuit,
985 1675 1014 1739 ei
1043 1672 1203 1741 dedicarit
1221 1670 1249 1758 ⁸)
1279 1673 1327 1739 bis

319 1778 427 1845 verbis
457 1798 529 1864 eum
561 1775 687 1844 affatur:
729 1778 858 1856 „locum
888 1791 1015 1846 restrae
1046 1779 1222 1846 celsitudini
1252 1799 1327 1846 cae·

318 1884 390 1950 litus
420 1882 624 1950 commissum
654 1883 806 1970 dignitate
833 1885 1000 1952 nobilitatis
1031 1885 1161 1952 famosis
1190 1904 1327 1973 praeco-

318 1990 378 2056 niis
400 1987 558 2067 extollitis,
581 1989 634 2078 qui
657 2000 761 2071 tantus
785 1990 816 2056 in
839 1991 924 2058 omni
953 2011 1074 2078 genere
1095 1989 1326 2078 philosophiae

320 2097 411 2172 estis,
441 2109 476 2161 ut
496 2095 584 2162 solus
606 2095 700 2162 uobis
723 2098 970 2184 repraesentetis
998 2096 1059 2162 hac
1082 2095 1247 2183 decrepita
1272 2117 1325 2162 ae·

319 2214 383 2269 tate
405 2202 530 2289 ingenia
553 2201 829 2290 pbilosophorum,
861 2201 903 2268 de
933 2201 1048 2292 quibus
1072 2202 1121 2268 illa
1144 2201 1257 2269 sollers
1280 2202 1325 2268 la·

317 2309 397 2375 tialis
420 2308 588 2394 antiquitas
611 2306 743 2394 gloriata
768 2321 824 2373 est.
834 2309 848 2332 ’'
881 2307 1063 2397 Scriptores
1086 2320 1192 2374 tamen
1215 2321 1324 2396 poste·

309 2415 433 2495 riores,
457 2411 568 2500 quales
591 2412 800 2499 liutprandus
820 2415 846 2502 ⁰)
870 2425 903 2480 et
925 2414 1133 2481 Widukiudus
1151 2413 1192 2500 '),
1216 2435 1236 2480 a
1260 2437 1323 2503 quo

317 2530 447 2599 „acutus
478 2517 624 2596 consilio,
661 2537 737 2583 acer
763 2519 905 2607 ingenio,
937 2531 970 2586 et
998 2521 1051 2608 qui
1079 2521 1234 2586 varietate
1262 2519 1322 2586 sibi

317 2635 472 2690 consueta
499 2622 615 2688 multos
638 2624 788 2691 mortales
819 2625 1052 2712 praecederet'’
1088 2626 1197 2703 luisset
1216 2625 1322 2701 fertur,

316 2729 429 2795 laudes
460 2728 528 2816 ejus
560 2749 632 2796 cum
662 2729 892 2816 vituperatione
921 2730 1061 2817 quadam
1085 2732 1321 2818 conjunxerunt,

317 2833 429 2901 labulis
458 2835 488 2899 in
515 2834 597 2922 uulgi
628 2855 684 2901 ore
713 2836 912 2902 versantibus
937 2835 1005 2902 freti
1035 2857 1135 2924 ‚quiae
1159 2859 1320 2915 eumnon

315 2953 379 3008 tam
409 2941 585 3027 sapientem
616 2962 712 3030 quam
740 2951 876 3007 astutum
905 2951 938 3006 et
971 2940 1118 3021 dolosum
1147 2941 1266 3008 iaciunt
1284 2943 1320 3033 ⁸)

316 3048 452 3113 Suorum
475 3046 524 3111 vel
548 3048 754 3134 episcopatus
777 3047 824 3112 sui
843 3047 1086 3114 commodorum
1102 3051 1131 3112 in
1155 3047 1319 3135 republica

315 3151 457 3241 gerenda
493 3163 582 3219 certe
611 3174 673 3219 non
705 3153 871 3218 immemor
900 3166 982 3232 erat,
1016 3174 1088 3219 cum
1124 3173 1319 3240 permagnos

313 3278 514 3289 ...ψ-...-

386 3346 412 3415 t)
448 3351 509 3413 lieg.
527 3351 561 3402 de
574 3351 662 3401 causis
673 3350 794 3413 syuodat
812 3351 857 3402 ed.
866 3350 1105 3402 Wasserschtobeu
1122 3363 1150 3414 p.
1164 3353 1186 3402 t.
1206 3352 1318 3415 ,‚Soiens

312 3439 516 3504 magnitudinem
540 3438 697 3502 prudentiae
717 3441 824 3490 vestrae
848 3440 870 3502 (i
904 3453 926 3489 e.
945 3438 1079 3501 Hellouis)
1097 3451 1152 3488 uon
1176 3441 1262 3491 solum
1285 3467 1315 3477 -

311 3531 391 3579 totius
410 3529 563 3590 provinciae
582 3525 782 3576 sollicitudiuem
800 3540 909 3590 gerere,
935 3538 1029 3578 varum
1047 3528 1126 3578 wem
1143 3530 1226 3580 totius
1243 3531 1317 3594 regui

311 3615 461 3667 aditialibus
479 3609 598 3677 pervigili
615 3626 680 3664 cura
696 3613 830 3667 insudare.
837 3616 849 3633 ''

399 3695 425 3769 a)
460 3701 507 3753 cir.
532 3696 639 3763 diplom.
657 3714 699 3764 ap.
721 3702 812 3752 itcrat,
829 3699 916 3765 Autiq.
935 3701 964 3762 ll,
985 3704 1043 3751 tot.
1063 3700 1210 3764 (Boehmeu
1230 3703 1316 3768 ator)

311 3792 508 3854 „ponteonem
529 3789 562 3838 st.
574 3788 737 3852 Magontlnae
756 3787 887 3841 acclesiae
905 3789 1135 3852 mcbtaplscopum
1152 3792 1316 3843 etdtloctum

310 3878 485 3930 consiliarium
502 3878 652 3926 nostrum.''
724 3870 749 3944 t)
786 3875 888 3941 Dtimgd
907 3878 967 3940 aeg.
984 3873 1049 3928 Bad.
1067 3891 1093 3940 p.
1114 3881 1155 3929 at.

380 3964 406 4025 t)
442 3960 511 4012 dnn.
527 3963 610 4024 tuta,
631 3968 691 4016 891.
761 3961 788 4030 a)
825 3965 867 4015 ed.
886 3963 1124 4016 Wasserschloben
1145 3979 1171 4028 p.
1192 3971 1216 4016 t.
1232 3968 1315 4020 Praei.

380 4051 406 4110 6)
443 4050 650 4115 Liutpr.lntap.
672 4053 702 4117 tt,
722 4057 746 4103 o.
818 4049 845 4118 7)
883 4052 989 4103 widula
1007 4051 1026 4112 1,
1047 4055 1090 4102 22.

379 4135 405 4200 a)
441 4136 588 4189 Elkehard.
607 4152 634 4202 p.
654 4144 698 4202 8³,
722 4138 782 4191 Otto
809 4141 914 4205 Frislng.
940 4140 982 4204 Vl,
1009 4143 1041 4190 ts
1070 4140 1113 4190 ad.
1139 4141 1264 4192 Urstisius
1288 4157 1314 4205 p.

307 4225 366 4284 ist,
386 4223 523 4274 Thtetmar.
540 4226 568 4276 L.
586 4226 604 4288 l,
624 4241 647 4279 ct
666 4229 688 4279 l.
