2796 4958
668 641 718 706 15

194 817 335 886 Guilelmi
355 825 387 883 et
399 814 588 903 Engilsealei
604 812 821 902 imprudenter
836 811 1011 899 congrtssi
1034 811 1064 877 in
1088 810 1193 898 sugam

193 928 339 993 conversi
368 933 441 990 sunt
477 932 510 989 et
540 921 571 988 in
598 918 762 987 Arrabone
792 917 885 987 ssuvio
915 919 1009 985 vitam
1041 915 1195 985 finierunt.

191 1033 368 1119 Imperator
391 1027 532 1115 denique
553 1049 667 1094 mense
676 1024 847 1094 Novembri
864 1024 915 1091 vel
926 1023 1096 1098 Decembri
1122 1044 1194 1090 oum

192 1137 388 1224 Suetepluoo
411 1135 634 1222 Commagenis
657 1129 967 1221 (Koenigsstaedten)
991 1130 1033 1197 ad
1045 1131 1195 1197 Tullinam

193 1241 320 1308 fluvium
343 1241 440 1328 (Tuin)
464 1241 494 1306 in
508 1240 638 1308 Oriente
659 1251 850 1308 conventum
873 1235 982 1303 habuit
1008 1238 1041 1323 ¹),
1065 1235 1106 1303 de
1130 1259 1194 1325 quo

193 1347 266 1413 nihil
296 1346 380 1412 aliud
412 1349 543 1414 annales
566 1346 742 1419 Fuldenses
765 1346 919 1423 referunt,
954 1345 1011 1410 nisi
1036 1343 1122 1430 quod
1145 1345 1195 1410 ille

192 1472 306 1520 vassus
337 1452 538 1540 imperatoris
572 1452 689 1531 faetus,
729 1451 881 1539 quamdiu
910 1449 1041 1517 Carolus
1077 1452 1195 1526 vixerit,

192 1579 354 1646 nunquam
377 1547 418 1624 se
438 1559 506 1646 ejus
530 1579 663 1646 regnum
688 1567 878 1624 tentaturum
902 1576 976 1623 esse
1006 1558 1194 1643 promiserit.

193 1666 256 1730 Res
279 1684 359 1730 sane
382 1666 460 1731 mira
485 1675 583 1743 esset,
605 1663 632 1730 si
646 1663 803 1731 Moraviae
825 1662 896 1740 duro
920 1662 973 1750 qui
995 1673 1089 1729 antea
1111 1684 1196 1729 sem-

194 1789 252 1855 per
276 1790 314 1835 se
336 1772 528 1838 Francorum
551 1771 650 1837 inviso
670 1772 749 1858 jugo
774 1789 891 1837 exuere
915 1767 1093 1847 studuerat,
1123 1780 1196 1857 post

193 1875 310 1941 bellum
334 1875 514 1944 felicissime
548 1896 652 1964 neque
676 1886 788 1942 eontra
810 1875 896 1962 regis
920 1874 1111 1942 voluntatem
1139 1897 1196 1963 ge·

193 1995 285 2061 stum,
310 1981 340 2048 id
362 1982 443 2048 ultro
467 1982 605 2060 fecisset,
629 1981 715 2070 quod
739 2002 878 2070 unquam
893 2001 930 2047 se
947 1980 1100 2048 facturum
1121 2004 1196 2050 esse

192 2088 358 2176 hueusque
381 2086 588 2155 vehementer
610 2099 793 2175 negaverat.
833 2089 931 2173 Reote
954 2088 1045 2169 igitur
1069 2088 1196 2157 Dobne·

193 2216 250 2273 rus
272 2194 300 2280 ²)
323 2192 543 2282 etrataokyus
567 2193 593 2277 ⁸)
618 2193 717 2260 verba
736 2193 892 2259 annalium
904 2193 1107 2262 Fuldensium
1130 2218 1197 2265 am·

195 2297 309 2386 bigne:
343 2299 587 2386 „Vituperarunt
614 2310 720 2366 autem
749 2319 880 2385 paoem,
913 2320 975 2387 qua
1007 2314 1197 2368 conservata

194 2405 354 2472 Pannonia
369 2415 565 2472 conservata
584 2415 643 2483 est,
666 2426 729 2494 qua
744 2426 821 2472 vero
834 2406 950 2480 vitiata,
971 2425 1030 2492 per
1052 2412 1196 2493 spacium

195 2522 312 2578 tanturn
343 2512 404 2578 isto
436 2511 638 2577 continuatim
668 2511 760 2577 tertio
791 2531 874 2577 annu
910 2509 1041 2578 dimidio
1071 2513 1197 2581 instanti

195 2616 355 2684 Pannonia
386 2615 429 2682 de
452 2614 561 2682 Hraba
591 2615 718 2683 durrriue
742 2615 783 2682 ad
808 2617 970 2682 Orientem
1002 2627 1068 2684 tota
1090 2617 1197 2686 delete

197 2725 275 2800 est‚'’
299 2725 340 2789 ita
364 2723 521 2791 intellecta
544 2724 723 2800 voluerunt,
753 2722 981 2808 Suetopluoum
1008 2733 1077 2788 tum
1099 2709 1212 2792 modo⁸
1311 2731 1313 2734 ’

196 2850 254 2915 pro
284 2828 445 2893 Pannonia
478 2828 519 2894 ab
555 2829 626 2914 ipso
658 2838 838 2914 expugnata
867 2827 981 2893 Cauolo
1015 2828 1197 2917 homagium

197 2932 377 3000 reddidisse
411 2931 600 3020 (Huldigung
630 2932 799 3019 geleisted
843 2932 1060 3011 Quamobrem
1092 2938 1197 3003 mirari

197 3061 260 3105 nou
283 3037 365 3113 lieet
395 3037 481 3124 quod
504 3038 647 3105 drnuiius
670 3058 786 3123 paoem
809 3037 871 3104 sibi
898 3049 961 3104 tom
984 3039 1122 3128 iniquam
1145 3063 1198 3110 se·

196 3144 304 3232 quenti
326 3141 458 3210 demum
482 3165 565 3212 anno
594 3155 692 3210 ratam
721 3143 795 3210 ieoit
817 3143 853 3228 ⁴).
901 3143 1004 3213 Verba
1028 3145 1093 3224 itta,
1124 3168 1198 3215 eum

195 3249 386 3317 Pannoniam
411 3251 610 3337 superiorem
634 3250 735 3316 solam
752 3248 931 3336 significare
956 3252 1128 3328 videantur,
1154 3256 1198 3319 in-

195 3356 342 3422 feriorem
364 3366 439 3421 tuno
462 3359 616 3444 temporis
628 3375 820 3424 comessum
844 3376 918 3422 esse
941 3357 1026 3423 haud
1051 3358 1199 3424 credide-

196 3463 269 3539 rim;
305 3464 374 3528 sine
405 3461 466 3528 ulla
497 3461 693 3529 dubitatione
718 3471 824 3528 antem
848 3483 907 3548 pro
939 3471 1027 3530 certo
1052 3461 1199 3531 affirmari

268 3703 293 3774 t)
329 3707 364 3759 os.
381 3711 447 3761 Anu.
465 3713 537 3762 Fuid
556 3713 621 3762 Pers
640 3714 681 3776 lv,
701 3727 724 3764 a.
744 3716 804 3764 88t.

267 3797 294 3858 2)
328 3797 447 3848 Dobneri
464 3800 573 3850 annales
594 3801 772 3851 Bohemormu
791 3801 897 3866 Hageki
917 3801 958 3865 ΙΙΙ,
978 3799 1042 3851 2⁴21]

267 3878 293 3949 3)
330 3884 444 3949 Palaoky
467 3886 560 3936 aeson
580 3892 633 3936 ron
650 3887 796 3950 Beehnren,
813 3891 831 3951 1,
854 3903 878 3952 p.
900 3893 949 3940 tiz
970 3903 994 3943 n.
1016 3894 1074 3940 tor.
1113 3891 1200 3955 Argu-

194 3975 297 4035 menta,
331 3975 426 4037 quibus
455 3973 611 4126 idox
627 3973 685 4037 (die
712 3975 856 4043 Erirebung
883 3978 986 4028 Arnutis
1004 3991 1030 4041 p.
1050 3981 1083 4028 st
1103 3991 1128 4029 n.
1151 3977 1200 4040 23)

195 4061 264 4110 haue
282 4063 430 4124 opinionem
448 4062 513 4113 reda
538 4062 541 4067 '
629 4064 720 4127 tentat,
738 4064 892 4120 Dohoerunr
911 4069 1052 4130 erravisse,
1071 4068 1131 4117 mihi
1148 4080 1201 4116 non

195 4150 259 4198 satis
277 4154 478 4211 persuaserunt.

268 4239 293 4296 n
328 4238 394 4305 nun.
413 4238 484 4288 rure.
504 4238 580 4298 (ears
601 4206 771 4301 uidem

749 4378 755 4386 ‘
786 4394 809 4425 ο
