2796 4958
770 651 845 716 1110

309 831 429 895 Romae
456 841 609 892 coronam
639 823 835 919 imperialem
867 825 1024 911 imposuit.
1070 827 1146 892 Post
1167 827 1313 914 complu-

308 936 387 1001 rium
416 933 509 1020 igitur
537 929 738 997 saeculorum
773 931 1044 1018 intercapedinem
1073 932 1178 1020 primo
1210 934 1313 1021 impe-

307 1053 394 1107 rator
416 1059 457 1104 ex
478 1037 564 1103 ltalia
587 1035 739 1102 oriundus
762 1049 888 1103 creatus
912 1049 976 1117 est;
1005 1038 1063 1104 sed
1088 1058 1150 1105 nec
1171 1040 1314 1126 majores

309 1147 378 1234 ejus
408 1144 470 1210 ltnli
502 1145 626 1210 luerunt
656 1163 762 1230 neque
796 1144 960 1230 imperium
995 1145 1135 1210 Italicum
1169 1144 1314 1212 condere

307 1252 417 1327 voluit,
449 1251 498 1316 cui
529 1252 634 1339 potius
665 1271 797 1337 reguum
822 1254 1013 1316 Francorum
1045 1270 1202 1318 renovare
1224 1249 1251 1336 ¹)
1283 1251 1313 1314 in

300 1359 414 1424 >animo
443 1369 512 1423 erat
542 1358 559 1422 i.
582 1377 609 1421 e.
634 1358 728 1423 etiam
754 1355 883 1422 Galliam
911 1358 937 1422 si
961 1369 1073 1443 posset
1094 1357 1124 1422 iu
1149 1377 1240 1422 suam
1266 1355 1313 1422 di-

306 1465 426 1530 tionem
453 1464 608 1552 redigere.
655 1466 699 1529 Ac
722 1461 834 1528 turbae
865 1474 897 1528 et
919 1462 1013 1550 vulgo
1036 1463 1166 1552 quidem
1190 1482 1209 1528 a
1232 1483 1314 1551 quo-

308 1591 371 1660 que
400 1569 529 1638 domiuo
558 1571 678 1658 pariter
708 1590 867 1655 oppresso
899 1570 986 1657 parvi
1019 1569 1170 1646 interfuit,
1206 1582 1311 1636 utrum

307 1679 479 1766 peregrino
504 1699 542 1742 au
566 1677 624 1742 civi
648 1675 821 1754 inserviret,
845 1677 968 1743 nobiles
991 1688 1097 1743 autem
1116 1688 1211 1764 atque
1227 1678 1314 1764 epis-

307 1786 381 1871 copi
406 1805 478 1850 eum
502 1803 632 1868 semper
654 1781 877 1871 sequebantur,
901 1783 968 1848 sive
984 1805 1041 1850 rex
1058 1784 1228 1871 cisalpinus
1245 1787 1313 1850 sive

307 1891 517 1977 transalpinus
541 1889 604 1963 luit,
628 1889 679 1976 qui
704 1889 839 1954 maxima
855 1888 903 1954 eis
918 1888 993 1955 lecit
1016 1891 1174 1978 promissa
1189 1903 1221 1957 et
1245 1913 1312 1958 am·

307 1997 449 2085 plissima
476 1993 565 2060 dedit
590 1993 765 2069 beneficia,
790 1993 831 2060 ad
862 1994 954 2060 alium
983 2017 1055 2061 mox
1082 1997 1260 2075 transituri,
1292 2019 1312 2064 a

307 2124 371 2192 quo
386 2104 507 2190 majora
523 2101 644 2189 sperari
661 2111 801 2187 possent,
824 2101 925 2187 „qnia
945 2103 1042 2188 iuquit
1055 2102 1267 2190 Liutprandns
1286 2105 1313 2190 ¹)

306 2230 437 2297 semper
460 2208 620 2275 italienses
644 2207 777 2293 geminis
801 2208 844 2271 nti
869 2206 1004 2273 dominis
1026 2208 1140 2286 volunt,
1164 2209 1312 2298 quatinus

263 2318 265 2323 ’
306 2317 438 2383 alterum
462 2315 588 2381 alterius
619 2325 741 2381 terrore
771 2312 992 2379 coherceant.“
1038 2313 1196 2381 Coronam
1219 2315 1314 2404 igitur

305 2422 442 2508 adeptus
466 2420 557 2486 Wido
588 2420 641 2485 die
668 2423 683 2486 1
710 2412 829 2484 mensis
852 2418 922 2506 ldaji
944 2419 1054 2496 Ticini,
1084 2418 1136 2486 nbi
1160 2442 1234 2487 eum
1259 2422 1312 2489 die

308 2525 350 2593 tt
374 2524 519 2612 ejusdem
544 2527 660 2592 mensis
688 2525 817 2592 affuisse
844 2525 952 2592 charta
976 2523 1135 2613 quaedam
1159 2526 1258 2594 docet
1277 2532 1312 2617 ⁸),

301 2630 430 2720 legibus
463 2632 669 2719 promulgatis
703 2645 817 2699 statum
838 2632 941 2718 regni
977 2631 1104 2698 firmare
1136 2634 1257 2702 studuit
1275 2639 1311 2724 ⁴),

299 2738 380 2805 dum
395 2739 604 2824 Berengarius
628 2739 717 2826 cujus
741 2738 844 2804 nullae
868 2748 991 2803 exstant
1015 2759 1168 2806 annorum
1192 2743 1257 2812 891
1281 2757 1312 2811 et

302 2846 370 2912 892
393 2844 521 2910 tabulae
549 2846 692 2911 Veronae
714 2845 844 2912 latuisse
867 2844 998 2910 videtur.
1043 2846 1163 2914 Romae
1186 2849 1311 2917 interim

304 2945 467 3039 Stephano
483 2951 664 3036 Septembri
681 2951 808 3017 circiter
829 2971 940 3017 mense
956 2949 1138 3019 decedente
1157 2959 1193 3042 ⁶),
1216 2960 1311 3035 „For-

303 3077 414 3122 mosus
431 3056 605 3142 episcopus
625 3058 804 3122 rortuensis
825 3056 851 3143 1)
874 3057 921 3123 vir
944 3079 1066 3124 morum
1090 3061 1221 3148 quidem
1244 3064 1311 3131 lau-

377 3201 401 3261 1)
437 3201 464 3249 ln
484 3199 554 3250 bulla
565 3201 689 3264 plumbea
705 3202 838 3265 diplomati
851 3200 928 3253 affixe
945 3204 1039 3270 legitur
1056 3206 1217 3267 „Renovallo
1235 3214 1313 3277 regni

300 3285 480 3338 Francorum‘·
499 3303 523 3340 v.
542 3290 633 3339 Murat
670 3291 790 3354 Antiquit.
808 3291 861 3339 ltal.
880 3292 909 3353 11,
931 3297 991 3346 art.
1033 3295 1111 3345 Fulco
1135 3301 1230 3359 postea
1256 3300 1309 3350 Ce-

301 3379 358 3427 rolo
371 3378 484 3439 Simplici
503 3378 597 3440 electo,
617 3381 759 3428 accusatus
778 3383 827 3440 est,
848 3392 877 3429 se
896 3380 931 3446 ld,
951 3397 1050 3444 „carisa
1064 3383 1183 3435 Widonis
1201 3383 1310 3453 iecisse,

302 3469 331 3516 ut
354 3467 404 3515 bac
430 3470 485 3516 arte
509 3466 581 3516 illum
606 3466 839 3517 subintroduceret
863 3469 889 3516 in
915 3471 1051 3536 regnum.“
1087 3472 1226 3526 Flodoard.
1244 3477 1309 3527 illst

301 3554 389 3604 [them.
413 3554 453 3614 lV,
475 3558 499 3603 5.

372 3637 398 3704 1)
435 3642 564 3703 Antapod.
584 3642 638 3691 l.o.
660 3646 701 3692 17.

371 3733 396 3789 a)
432 3729 559 3780 Moriondi
581 3725 697 3780 Menum.
716 3733 850 3795 Aquensla
868 3734 886 3795 l,
906 3739 929 3786 1.
950 3729 1089 3802 (Boehmer
1109 3738 1198 3799 1111).

339 3827 342 3830 ·
372 3816 396 3876 t)
434 3830 475 3879 ap.
495 3817 569 3865 Perlz
587 3817 664 3880 Legg.
684 3819 702 3880 1,
729 3824 789 3870 556.
828 3821 936 3873 ludictio
962 3837 1023 3874 oum
1044 3839 1058 3874 a
1079 3826 1140 3878 Cbr.
1162 3832 1213 3879 889
1235 3842 1309 3881 con-

299 3904 380 3968 venit,
397 3902 476 3952 Wido
496 3908 582 3954 autem
602 3907 628 3954 in
649 3908 737 3957 edicto
758 3908 798 3956 illo
817 3910 960 3972 imperetur
984 3914 1146 3981 uppeltatur3
1172 3920 1233 3969 ente
1253 3933 1307 3969 an-

298 4006 362 4042 uum
382 3993 429 4040 191
452 3992 528 4054 igitur
546 3993 636 4043 datum
654 4008 716 4045 esse
734 4009 787 4045 non
805 4000 903 4058 potest.

369 4073 395 4138 5)
431 4079 537 4141 Koepke
556 4082 590 4131 de
609 4084 663 4132 vita
682 4088 709 4133 et
728 4095 781 4133 scr,
800 4085 898 4149 Liutpr.
918 4101 944 4150 p.
966 4095 1024 4142 198.

328 4181 329 4184 ’
367 4166 392 4227 c)
435 4167 502 4218 Fuse
522 4167 555 4216 de
576 4183 609 4217 eo
628 4170 753 4222 disseruit
776 4175 908 4236 Koepkius
928 4177 943 4225 l.
962 4177 978 4224 l.
997 4193 1022 4240 p.
1047 4183 1144 4230 to-tt.
1177 4181 1306 4234 011110-

297 4252 388 4305 dnard.
407 4254 470 4304 llist.
492 4255 579 4306 libem.
599 4257 639 4319 lV,
660 4262 702 4311 11.
832 4266 835 4271 ’
