2796 4958
779 684 856 750 lte

315 855 384 923 filiis
414 854 542 942 dipodii
559 855 586 942 ¹)
619 855 760 944 aliisque.
823 853 1013 942 Plerumque
1049 855 1241 942 imperator,
1275 854 1330 942 qui

317 962 415 1030 modo
442 982 549 1049 pauca
577 982 618 1028 ex
647 962 847 1029 historiarum
875 959 1086 1049 scriptoribus
1119 959 1330 1048 deprompsit,

269 1071 272 1077 ’
317 1078 357 1135 irc
381 1069 423 1135 de
446 1067 644 1154 temporibus
668 1069 803 1157 antiquis
827 1069 956 1156 saepius
979 1069 1010 1134 in
1034 1067 1197 1134 erroribus
1220 1087 1332 1132 versa-

318 1179 369 1240 tur
387 1175 431 1259 ²),
461 1182 500 1240 eir
525 1175 729 1242 relationibus
752 1172 928 1260 togatorum
950 1175 1000 1241 vel
1022 1175 1064 1242 ab
1084 1175 1206 1241 ‘esteris
1229 1173 1331 1260 genti-

319 1280 382 1346 bus
406 1280 447 1346 ad
471 1302 508 1346 se
537 1283 723 1358 missorum,
752 1281 800 1344 vei
825 1302 844 1346 a
867 1270 905 1346 aa
927 1281 999 1370 ipso
1022 1281 1063 1348 ad
1087 1282 1208 1348 alienas
1230 1280 1332 1346 natio·

320 1403 378 1453 nes
407 1385 552 1453 hausisse
580 1387 718 1464 videtur,
742 1405 842 1473 quare
866 1407 906 1452 ex
928 1389 1011 1454 notis
1031 1386 1232 1476 quibusdam,
1255 1406 1331 1453 eum

320 1493 349 1557 in
379 1493 485 1579 capite
516 1494 560 1560 96
589 1494 633 1560 de
659 1491 854 1581 geneciogia
882 1494 1045 1581 conspicui
1073 1494 1160 1580 regis
1191 1492 1334 1578 lingonis

320 1591 555 1685 Liutprandum,
581 1601 635 1688 qm'
654 1621 680 1665 a.
698 1599 764 1665 ete
789 1600 819 1664 in
840 1600 910 1665 auia
928 1600 1099 1690 byzantina
1124 1610 1264 1665 moratus
1286 1610 1336 1664 est
1363 1665 1365 1669 ,

323 1715 447 1771 testem·
463 1710 607 1771 secutum
632 1724 707 1770 essa
731 1705 924 1771 crediderim
945 1706 980 1792 ⁸).
1033 1708 1080 1770 De
1109 1725 1246 1793 magnae
1270 1705 1336 1770 Μο-

322 1812 429 1878 raviae
452 1812 597 1890 nonnae,
630 1811 719 1899 quod
743 1813 772 1877 in
796 1811 876 1879 libro
898 1812 940 1878 de
962 1810 1212 1878 administrando
1233 1812 1337 1898 impe-

321 1920 368 1983 rio
392 1918 522 2004 saepius
544 1918 684 1984 occurrit
702 1918 745 2003 ⁴),
777 1939 796 1984 a
821 1918 893 1985 viris
917 1917 1021 1984 doctis
1044 1917 1098 1983 diu
1122 1918 1335 2005 disceptatum

323 2035 388 2100 est,
421 2023 496 2088 lieet
524 2044 543 2089 a
576 2024 781 2090 Constantino
810 2025 880 2091 soto
909 2035 1116 2112 usurparetur
1144 2045 1206 2090 neo
1235 2024 1336 2090 Slavis

323 2142 377 2196 aut
399 2130 529 2196 Francis
556 2128 589 2194 id
621 2130 780 2217 cognitum
807 2129 905 2196 fuisse
929 2130 1097 2197 verisimile
1120 2141 1218 2197 esset.
1277 2131 1337 2208 Qui

324 2257 398 2302 cum
427 2237 522 2302 etiam
549 2234 595 2300 ’ἀι
627 2255 741 2321 magna
765 2235 892 2303 Oroatia
915 2238 942 2323 ⁵)
971 2257 1010 2303 ao
1032 2235 1075 2302 de
1103 2257 1219 2324 magna
1242 2239 1337 2303 Frau-

326 2344 377 2409 cia
397 2341 424 2426 ‘)
459 2342 620 2430 loquatur,
661 2343 711 2408 ilio
748 2343 876 2408 nomine
912 2344 1060 2429 proiecto
1091 2344 1285 2409 Pannoniam
1319 2363 1337 2410 a

325 2447 460 2513 Moravis
479 2458 512 2511 ct
535 2447 650 2512 cultam
666 2459 699 2513 ct
717 2439 928 2535 gubernatam
952 2450 1134 2527 aiioravia,
1158 2469 1241 2537 quae
1263 2470 1337 2537 pro·

327 2554 397 2640 prie
420 2552 661 2630 dedicabatur,
683 2552 877 2640 distinguere
902 2553 1005 2620 voluit.
1028 2591 1072 2605 —
1338 2548 1341 2552 ’

414 2659 528 2746 Neque
557 2671 670 2742 auctor
699 2679 879 2750 anonymus
910 2659 1033 2726 silentio
1057 2660 1150 2728 nobis
1173 2673 1340 2729 transeun-

328 2764 388 2831 dus
413 2776 477 2840 est,
507 2764 559 2852 qui
583 2763 695 2830 horum
720 2777 899 2852 temporum
930 2766 1071 2854 aequalis
1100 2779 1262 2834 nonanto
1286 2789 1341 2834 an-

327 2893 403 2938 uum
432 2871 498 2936 934
519 2872 545 2955 ²)
581 2871 674 2937 vitam
704 2871 747 2937 St.
778 2873 964 2951 Clementis,
1001 2873 1149 2941 Menodtt
1186 2873 1340 2962 discipuli,

326 2978 384 3067 qui
407 3000 427 3044 a
451 2978 600 3063 Viehingo
620 2976 789 3064 expulsus,
818 2991 934 3066 postea
958 2979 1179 3066 episcopatum
1203 2981 1342 3069 Bulgari-

330 3094 403 3149 curti
427 3094 595 3150 assecutus
621 3093 687 3160 est,
712 3084 836 3150 Graeca
861 3086 966 3173 lingua
990 3084 1169 3174 descripsit.
1223 3087 1342 3165 Quam-

330 3211 427 3278 quam
457 3189 507 3255 hic'
537 3189 674 3275 scriptor
704 3189 878 3256 admodum
909 3203 959 3258 est
984 3193 1161 3259 venemens
1185 3205 1218 3258 et
1250 3193 1343 3259 mira·

328 3297 410 3363 culis
433 3295 582 3362 credulus
606 3297 700 3384 eique
726 3297 922 3363 Graecorum
945 3297 1045 3365 modo
1068 3300 1274 3387 quaestiones
1293 3299 1344 3387 je-

328 3404 428 3491 junae
462 3402 504 3470 de
533 3403 662 3490 argutiis
696 3403 884 3490 theologicis
921 3404 1049 3472 habitae
1083 3405 1220 3471 maxime
1253 3407 1343 3473 cordi

503 3556 506 3563 .
515 3558 517 3561 .

336 3571 538 3583 ψ

442 3618 554 3733 'Tigrim
664 3663 692 3725 ι)
731 3662 881 3717 esrom.

326 3618 525 3814 ''ffiffffw
544 3750 611 3803 haec
635 3753 760 3815 elegatis
780 3751 885 3802 Graecis
904 3767 929 3805 a.
948 3758 999 3804 ιιι
1024 3755 1051 3803 in
1069 3752 1168 3803 itatiam
1192 3752 1282 3804 missis
1302 3752 1346 3803 di-

332 3840 397 3890 dicit
416 3839 522 3903 (Ltudp.
541 3844 594 3890 ant.
615 3842 646 3903 V,
666 3841 723 3901 ιι).
824 3837 848 3907 ι)
887 3857 909 3895 o.
932 3849 973 3906 tt,
996 3846 1038 3903 ιι,
1059 3844 1100 3891 tc.

407 3923 434 3994 a)
471 3943 494 3979 c.
522 3933 563 3978 aa.
673 3929 700 3988 a)
735 3933 760 3978 a.
782 3935 823 3980 as.
930 3958 937 3973 .

407 4011 436 4079 t)
472 4016 519 4068 ctr.
540 4030 556 4066 c
584 4019 625 4064 29.
646 4013 683 4078 (p.
703 4015 751 4078 at)
770 4021 880 4082 Scripsit
897 4034 967 4083 opus
987 4032 1067 4070 suum
1084 4020 1149 4081 post
1167 4030 1267 4067 annum
1288 4021 1344 4074 tot,

309 4131 311 4134 <
336 4116 388 4166 quo
408 4105 530 4154 Clemens
550 4108 670 4168 mortuus
697 4108 739 4154 est
764 4105 804 4168 „d'
830 4125 854 4158 ra
872 4101 992 4172 Σκυθικὴ
1015 4104 1139 4178 μάχαιρα
1160 4103 1348 4175 Bovtyaput'oir

336 4188 459 4257 αἱμάτων
476 4192 628 4261 emamus·
665 4193 759 4259 Ungari
778 4199 868 4247 autem
885 4197 971 4259 primo
990 4210 1013 4246 a.
1033 4200 1084 4247 titt
1110 4196 1135 4244 iu
1155 4188 1292 4245 Graeciam
1311 4194 1347 4242 ir-

337 4283 476 4342 ruperunt.
