2796 4958
783 643 858 709 15⁰

321 815 367 903 pit
391 816 416 902 ¹)
453 827 549 904 utque
586 814 616 880 iu
653 825 777 880 aestate
812 834 840 880 a.
870 811 938 880 800
971 831 1083 879 omues
1112 827 1269 898 proceres
1300 814 1333 872 et

324 923 469 1008 episcopi
494 920 583 1008 regui
606 920 762 986 Lotbariei
785 921 815 986 in
839 919 1022 987 Theodonis
1043 918 1115 984 villu
1137 911 1333 1003 (Diedenbo-

325 1027 389 1109 len)
417 1027 459 1093 ad
491 1026 685 1093 tudovimm
715 1026 867 1093 Infantem
898 1025 1043 1093 certatim
1084 1030 1286 1089 transeuntes
1305 1017 1333 1100 ²)

326 1133 507 1220 homagium
525 1133 554 1199 ci
573 1131 789 1198 reddiderunt.
824 1130 1058 1198 zuentebaldus
1082 1131 1143 1196 boe
1165 1126 1265 1195 modo
1291 1143 1334 1202 „a

327 1239 416 1325 regni
451 1239 680 1325 gubernatione
712 1237 881 1305 dimissus”
898 1241 927 1323 ⁸)
962 1259 1035 1305 cum
1067 1237 1177 1323 paucis
1212 1231 1335 1298 comiti·

327 1343 388 1410 bus
418 1345 480 1431 igni
512 1357 545 1410 et
573 1344 680 1432 gladio
704 1357 819 1410 cuncta
851 1344 1038 1418 devastavit,
1067 1339 1140 1418 sed,
1171 1337 1334 1413 Luduvico

330 1450 417 1516 brevi
442 1461 555 1537 postea
579 1471 688 1515 rursus
712 1451 910 1530 adveniente,
942 1451 994 1516 die
1019 1449 1069 1515 13.
1094 1452 1294 1532 unguens.
1318 1464 1337 1508 a

328 1556 498 1623 comitibus
520 1554 700 1644 Stephane,
731 1557 891 1632 Gerardo,
920 1555 1064 1623 llatlrido
1093 1554 1122 1618 iu
1148 1549 1272 1638 proelio
1297 1548 1336 1615 ad

328 1663 448 1727 llosam
472 1664 646 1730 commisse
670 1663 852 1728 interiectus
873 1664 899 1748 ⁴)
924 1673 967 1738 et,
980 1666 1008 1726 iu
1027 1657 1220 1725 monasterio
1238 1656 1337 1721 Sues-

328 1768 426 1832 trensi
449 1771 475 1852 ⁶)
500 1769 642 1855 sepultus
666 1783 734 1858 est;'
756 1768 880 1855 reliquit
902 1768 1003 1834 nullos
1019 1765 1109 1843 filios,
1133 1764 1213 1829 duas
1230 1773 1337 1827 tamen

328 1871 409 1938 lilius
426 1873 577 1942 babuisse
590 1876 694 1953 fertur,
711 1873 860 1940 abbatiae
877 1874 1058 1939 Suestrensi
1074 1869 1231 1954 deinceps
1245 1885 1339 1952 prae·

330 1980 460 2064 positas,
485 1980 599 2067 quibus
621 1982 779 2047 Caeciliae
810 1990 843 2045 et
867 1980 1060 2046 benedictae
1089 1975 1217 2041 nomina
1248 1981 1340 2037 eraut

330 2084 478 2169 imposita
498 2091 537 2168 ⁶).
585 2086 716 2154 Difficile
747 2086 840 2153 uobis
872 2097 922 2150 est
951 2085 1054 2159 dictu,
1085 2093 1156 2147 uter
1185 2079 1339 2165 majorem

331 2190 458 2276 culpam
482 2196 680 2270 contraxerit,
710 2215 766 2259 rex
791 2193 875 2258 omni
899 2192 992 2256 animi
1017 2186 1246 2276 perturbationi
1270 2203 1342 2249 sue-

334 2296 498 2376 cumbeus,
522 2320 560 2364 an
586 2301 669 2365 vassi
693 2301 762 2386 ejus
786 2298 883 2362 iidem
908 2296 1076 2370 violantes,
1100 2310 1172 2357 cum
1198 2291 1342 2356 homiues

335 2413 367 2466 et
390 2417 568 2490 temporum
593 2405 714 2470 illorum
738 2404 890 2492 aequales
921 2413 954 2468 et
983 2401 1079 2488 aequi
1099 2397 1228 2486 judices
1258 2397 1344 2462 anci·

410 2639 435 2706 1)
471 2640 534 2709 Reg.
553 2650 613 2705 000,
633 2646 771 2695 ulr.l³ertz·
784 2647 829 2694 SS.
851 2645 880 2704 ll,
901 2647 952 2693 018
973 2657 996 2692 0.
1017 2646 1067 2691 000
1088 2640 1189 2704 „Dirae
1207 2638 1344 2688 bominum

339 2730 470 2782 adversus
491 2734 575 2783 Deum
595 2747 625 2783 se
644 2735 821 2783 extollentium
841 2730 1044 2796 tempestates.“

410 2820 435 2881 2)
471 2822 505 2871 ib.
524 2821 570 2872 clr.
584 2822 723 2883 Boebmer,
745 2825 822 2871 1108,

411 2908 438 2969 3)
474 2909 561 2959 Verba
582 2911 709 2961 Luduvici
727 2914 753 2960 iu
771 2911 912 2973 diplomate
931 2915 995 2960 sunt
1016 2903 1246 2968 „Suontipulcbus
1266 2906 1348 2966 post-

340 3007 419 3056 quam
443 3008 459 3045 a
482 2998 555 3062 regui
580 2997 769 3060 gubernatione
788 3011 916 3060 proceres
941 2989 1347 3060 00301101000101(110010οτ1οΝ

340 3079 398 3143 (ap.
415 3084 567 3134 Lucumblet
585 3083 603 3146 1,
625 3087 665 3144 tt,
685 3085 815 3135 Boebmer
836 3083 928 3150 1227).
947 3108 983 3120 -

415 3171 439 3231 1)
471 3173 532 3236 fleg.
552 3177 618 3234 000,
642 3174 777 3236 Neurolog.
802 3173 953 3224 Prumtensa
978 3171 1005 3234 (l.
1028 3170 1056 3232 Ι.)
1081 3185 1104 3220 a.
1125 3171 1173 3218 001
1202 3166 1351 3217 Zueutibolt

341 3254 369 3308 in
396 3260 496 3323 proelio
520 3261 673 3311 interficitur
696 3260 757 3310 idib.
781 3258 847 3325 Aug.
874 3262 940 3310 Anu.
965 3261 1177 3310 Alamannam.
1214 3256 1353 3318 Neurulug.

340 3347 480 3411 Epternac.
499 3347 673 3415 (Reillenberg
691 3352 861 3400 monuments
881 3350 914 3398 de
933 3350 1038 3407 Numur,
1058 3347 1110 3406 Vll,
1131 3340 1204 3407 010),

415 3435 441 3497 t)
478 3436 524 3487 clr.
545 3436 641 3486 Cbron.
660 3437 742 3487 breve
759 3438 907 3488 Leudiense
927 3437 1099 3499 telleriana
1119 3431 1266 3482 etDurand
1283 3430 1352 3478 Tbe-

344 3534 414 3572 saur.
431 3525 554 3575 anecdot.
576 3523 623 3586 111,
645 3526 728 3589 1100,
748 3527 812 3575 Acta
831 3527 876 3575 SS.
898 3525 941 3574 ed.
956 3523 1071 3573 Bollandi
1091 3521 1124 3570 ad
1144 3521 1214 3570 diem
1235 3522 1276 3568 te.
1290 3518 1354 3580 Aug.

345 3623 432 3660 meus.
450 3625 476 3672 p.
497 3615 557 3662 130.
593 3612 721 3661 Resebius
746 3625 812 3661 veru
839 3612 906 3662 haec
925 3611 958 3662 de
978 3624 1010 3660 eo
1031 3609 1112 3658 verba
1132 3607 1206 3658 lacit:
1226 3608 1272 3670 „in
1291 3618 1353 3654 mo-

344 3701 461 3749 nasterio
479 3700 668 3762 Eptcmacensi
687 3700 808 3762 sepultus
830 3702 872 3750 est
890 3714 912 3749 a.
931 3704 981 3750 000
993 3669 1055 3748 ο000
1079 3710 1140 3747 cum
1164 3694 1293 3746 memoria
1312 3691 1355 3740 XV

346 3787 398 3836 llal.
413 3789 485 3851 sept.
503 3787 648 3837 Zcudebolt
664 3802 712 3838 rex
730 3790 789 3851 piae
811 3786 986 3838 memoriae“.
1020 3787 1146 3836 Suestrae
1164 3798 1211 3835 rex
1230 3785 1298 3846 lpse,
1318 3793 1356 3843 „e

348 3889 401 3938 quo
425 3876 569 3937 decerptus
593 3877 661 3926 deus
687 3890 756 3926 unus
780 3877 934 3925 innumeros
952 3877 1073 3925 homiues
1091 3887 1106 3924 e
1125 3874 1244 3924 dentium
1266 3870 1357 3920 dolore

346 3963 497 4013 mirabiliter
515 3964 667 4025 liberavit“,
688 3968 763 4028 quasi
782 3965 822 4012 vir
837 3967 947 4014 sauctus
961 3964 1108 4014 honoratus
1122 3965 1171 4011 est.
1212 3959 1260 4009 clr.
1271 3958 1357 4017 Ernst,

348 4052 455 4102 histoire
475 4054 508 4102 de
526 4053 667 4117 Limbuur·g
685 4054 704 4113 l,
726 4057 775 4102 006
795 4054 855 4102 adn.
877 4054 898 4101 l.

423 4134 448 4205 0)
486 4141 548 4189 Dies
576 4144 617 4191 tt.
633 4144 696 4205 Aug.
721 4153 805 4190 mens.
825 4138 968 4189 memoriae
993 4151 1083 4188 carum
1109 4139 1285 4187 consecratus
1310 4135 1359 4182 est.

350 4228 445 4279 Cbrun.
463 4229 609 4280 leodiense
631 4229 770 4290 1.).,1010
790 4230 833 4279 ss.
854 4229 887 4278 ad
907 4228 976 4277 diem
997 4227 1037 4277 11.
1055 4228 1120 4289 Aug.
1138 4238 1172 4274 m.
1192 4237 1218 4287 p.
1239 4227 1300 4273 5⁰9.
