2796 4958
676 670 726 734 la

199 842 332 908 duarum
362 861 542 913 marcarum
571 841 766 909 orientalium
798 853 867 908 erat
897 842 1083 920 commissa;
1115 841 1202 930 quod

198 950 342 1036 quamvis
360 949 514 1016 nonnullis
529 948 735 1035 scriptoribus
755 968 838 1013 anuo
857 948 986 1014 demum
1001 946 1068 1014 870
1086 947 1202 1014 lactum

198 1074 273 1121 esse
296 1057 396 1121 visum
421 1070 524 1136 esset,
551 1055 758 1121 aBuchnero
790 1056 907 1121 rectius
932 1055 1027 1142 priori
1057 1054 1202 1140 tempori,

197 1160 240 1224 ita
263 1171 295 1226 ut
313 1182 339 1226 a.
358 1159 422 1227 861
443 1163 510 1248 jam
532 1181 664 1227 munere
686 1182 726 1228 eo
751 1160 846 1226 iuncti
868 1171 985 1237 essent,
1008 1159 1202 1244 assignatum
1271 1222 1273 1226 ,

199 1276 248 1330 cst
268 1266 302 1351 ¹),
325 1267 433 1333 charta
453 1266 591 1359 quadam
616 1265 763 1344 adhibita,
788 1288 851 1354 qua
874 1266 1060 1333 Guilelmum
1084 1287 1112 1333 a.
1134 1263 1203 1333 888

198 1391 338 1438 marcam
363 1373 394 1438 in
420 1371 530 1438 dextra
554 1372 687 1437 Danubii
711 1373 778 1459 ripa
806 1363 912 1449 sitam,
941 1392 1025 1459 quae
1048 1371 1204 1438 Treisma-

197 1475 261 1541 feld
280 1481 311 1556 ²)
339 1478 529 1555 vocabatur,
565 1478 704 1544 tenuisse
734 1478 889 1545 certiores
910 1476 1003 1542 fimus
1022 1476 1059 1564 ⁸).
1113 1478 1201 1543 Anno

196 1581 264 1648 870
287 1583 546 1663 CarolomannuS,
568 1583 760 1670 Suatopluci,
784 1584 946 1650 liastislavi
970 1583 1104 1670 nepotis,
1128 1602 1203 1667 pro-

199 1686 317 1754 ditione
340 1709 441 1776 regno
465 1689 623 1755 llorarico
647 1690 765 1775 potitus
791 1688 827 1775 ⁴),
851 1689 918 1776 ejus
943 1687 1063 1776 oppida
1085 1688 1122 1753 iis
1146 1688 1203 1753 de-

197 1793 357 1860 fendenda
381 1795 551 1863 tradidisse
574 1793 714 1870 videtur.
743 1815 815 1860 oum
840 1817 922 1862 anno
946 1794 1091 1882 sequenti
1114 1793 1202 1861 Sclu-

196 1919 352 1986 gamarus,
376 1902 558 1989 Suatopluci
583 1923 602 1967 a
625 1900 857 1968 Carolomanno
882 1900 1105 1988 comprehensi
1127 1899 1200 1966 loco

196 2025 214 2070 a
239 2005 358 2072 civibus
380 2007 445 2074 suis
470 2007 534 2073 dux
557 2008 694 2086 electus,
725 2027 764 2072 ea
791 2008 848 2073 illis
872 2007 998 2093 eripere
1019 2004 1132 2071 frustra
1154 2005 1200 2070 ni-

196 2122 314 2177 teretur
332 2114 369 2197 ⁵).
419 2113 646 2200 Suatoplucum
675 2125 782 2178 tamen
808 2112 941 2178 libertati
965 2108 1124 2178 redditum
1147 2131 1202 2176 ex·

192 2217 313 2285 orcitus
338 2221 546 2299 Bavarorum,
575 2233 609 2284 ut
631 2227 728 2306 opem
751 2228 862 2284 contra
883 2217 980 2294 illum,
1011 2215 1063 2302 qui
1088 2214 1201 2300 injuste

177 2320 329 2409 ‘regnum
354 2323 519 2402 invaserat,
543 2323 648 2402 serrat,
671 2334 809 2402 secutus,
833 2322 875 2391 ab
897 2343 937 2390 eo
961 2321 1059 2387 fidem
1074 2320 1201 2388 fallente

196 2440 331 2513 repente
355 2430 495 2518 undique
519 2428 732 2496 circumdatus
750 2441 782 2495 et
805 2429 846 2495 ad
871 2429 1120 2496 internecionem
1143 2425 1201 2493 de·

195 2532 276 2598 letus
295 2547 345 2607 est
366 2538 405 2617 ⁸).
442 2537 520 2603 Cum
537 2538 733 2614 Hincmarus,
755 2534 975 2602 Carolomanni
997 2533 1198 2614 „markioues

188 2657 267 2724 *cum
288 2641 420 2728 plurima
437 2641 528 2707 turha
547 2643 690 2707 suorum‘’
708 2641 851 2726 periisse,
875 2641 1006 2706 annales
1018 2639 1200 2718 Fuldenses,

196 2743 382 2811 Guilelrnum
395 2758 427 2812 et
439 2747 676 2833 Engilsoaloum,
694 2748 748 2835 qui
769 2747 883 2826 „multa
897 2767 954 2833 pro
969 2747 1070 2832 patria
1082 2745 1200 2812 tuenda

195 2848 355 2916 sudasse”
389 2850 586 2929 ferebantur,
627 2852 780 2932 „tandem
805 2852 900 2918 diem
933 2851 1074 2918 ultimum
1098 2851 1200 2938 -hujus

196 2959 280 3024 aeris
304 2956 334 3021 in
358 2954 473 3020 eadem
497 2956 655 3023 voluntate
679 2958 919 3045 permanentes”
942 2956 1094 3035 finivisse,
1117 2958 1199 3024 refe

194 3060 273 3141 rant,
296 3061 369 3150 quin
392 3071 460 3126 tum
481 3065 567 3128 caesi
586 3064 655 3142 sint,
679 3064 709 3127 in
729 3062 858 3129 dubium
877 3064 985 3130 vocari
1003 3084 1067 3129 non
1083 3072 1198 3150 potest.

195 3171 337 3248 Quorum
368 3168 551 3234 comitatum
581 3178 750 3258 utrumque
783 3189 841 3235 rex
876 3190 940 3234 non
969 3166 1039 3234 filiis
1068 3181 1201 3255 propter

194 3289 337 3341 teneram
367 3293 477 3340 eorum
502 3286 656 3350 aetatem.
688 3273 749 3342 sed
772 3274 898 3341 ariboni
928 3273 1034 3341 comiti
1063 3274 1199 3354 tradidit,
1296 3286 1297 3289 ’

193 3401 289 3469 quem
314 3378 423 3446 charta
446 3400 473 3447 a.
497 3380 575 3460 ato
592 3402 678 3470 pago
701 3383 899 3468 Traungowe
930 3379 1107 3466 praefuisse
1137 3390 1200 3446 tes·

265 3547 291 3616 1)
327 3550 450 3600 Buchner
472 3549 638 3601 Dokumente
658 3565 706 3601 zur
729 3549 879 3599 bairischen
899 3541 996 3598 Gesch.
1015 3549 1045 3609 ll,
1066 3552 1097 3599 38
1113 3574 1144 3585 -
1158 3555 1200 3602 ³9.

264 3632 291 3702 a)
328 3636 443 3687 lllonum.
460 3637 548 3698 Boica,
567 3638 610 3701 xl,
633 3642 683 3687 tat
702 3637 846 3698 (Boehmer
863 3636 909 3685 No.
922 3634 989 3699 stt)
1005 3637 1090 3701 Pagus
1108 3639 1198 3688 Treie-

191 3726 288 3775 maleld
310 3737 407 3773 nomen
428 3731 539 3786 ceperat
557 3725 590 3775 ab
610 3727 709 3788 oppido
727 3726 878 3789 Trigisamo,
897 3726 961 3775 tunc
978 3724 1110 3790 Treisma,
1129 3740 1200 3776 nunc

191 3812 357 3863 Traismauer
378 3814 484 3861 vocato.

263 3897 289 3967 3)
326 3899 602 3962 Aun.Fuld.a.87l,
623 3903 681 3950 sat.

264 3984 289 4051 t)
327 3992 393 4038 Anu.
411 3988 482 4038 Fuld.
502 3988 562 4048 870,
580 3988 709 4039 Hinemar.
729 3991 787 4037 870.

263 4068 288 4139 tl
326 4078 392 4126 Anu.
411 4075 484 4125 Fuld.
504 4087 527 4125 a.
548 4077 615 4137 ⁸⁷¹3
640 4075 751 4140 Palacky
770 4076 925 4125 Gesohichto
945 4089 999 4126 von
1017 4079 1159 4140 Boehmen‚
1180 4082 1197 4140 l,

193 4163 257 4224 1283
274 4163 404 4224 Hinemar‚
425 4165 484 4212 att.

262 4250 287 4310 tt)
325 4253 389 4302 Ann.
408 4250 478 4300 Fuld.
497 4251 513 4299 1.
532 4250 555 4313 1.,
574 4252 647 4300 Anni
658 4249 807 4304 xantenses
825 4264 847 4302 a.
863 4253 916 4305 ,872
937 4249 1114 4316 (Pertzsslt,
1127 4250 1199 4319 tel.)
