2796 4958
757 639 857 740 ,rsa

316 830 417 909 opem
444 817 480 885 iii
510 817 608 885 ferret
628 836 704 907 pnrs
727 820 879 887 Franciae
901 812 1151 908 promitteretur,
1177 817 1239 887 lmc
1268 835 1325 886 oc·

316 928 450 995 cesione·
469 922 587 1011 on'pide
610 940 745 1014 arrepta,
769 943 841 992 oum
866 926 1008 993 exercitu
1031 925 1150 994 Galliae
1173 925 1255 994 lines
1277 926 1323 992 in-

317 1033 408 1100 trarit
431 1042 464 1097 et
486 1028 603 1098 Odone
626 1023 714 1098 t'rens
730 1030 912 1120 Sequanam
932 1049 969 1098 se
990 1033 1167 1122 recipiente
1187 1039 1225 1114 ¹),
1249 1050 1323 1098 cum

318 1138 433 1206 Carolo
456 1135 641 1202 Laudunnm
665 1135 833 1205 obsidione
855 1138 975 1206 clausit.
1004 1139 1155 1206 Auxilium
1177 1157 1215 1205 se
1231 1137 1325 1214 ierne,

318 1245 434 1313 abillo
459 1241 556 1309 modo
588 1253 786 1329 praetextum
811 1263 901 1322 esse,
936 1257 969 1311 ut
995 1246 1158 1333 proprium
1188 1263 1322 1331 regnum

319 1373 413 1440 quam
438 1349 574 1415 maxime
594 1348 812 1436 amplificaret,
835 1352 881 1418 rei
903 1361 1018 1418 eventu
1041 1350 1147 1439 paullo
1170 1360 1245 1438 post
1269 1367 1326 1437 ap·

319 1457 430 1547 paruit.
484 1447 654 1521 balduinus
684 1457 766 1522 enim
797 1477 908 1524 comes
932 1456 1174 1524 Cameracensis
1204 1465 1238 1523 et
1267 1455 1326 1520 ltu-

319 1563 423 1631 dollus
447 1561 515 1649 ejus
538 1560 634 1627 irater
664 1580 704 1629 ac
728 1564 911 1652 Reginarius
941 1583 1052 1631 comes
1075 1560 1265 1632 balonensis
1294 1571 1325 1628 et

317 1669 534 1738 iiasbacensis
553 1667 594 1754 ²),
630 1665 726 1747 filius,
760 1670 787 1737 si
821 1670 944 1737 Bokanoi
976 1667 1132 1759 probabili
1161 1667 1323 1754 conjectu·

319 1797 375 1845 rae
393 1775 421 1862 8)
452 1773 533 1839 fides
564 1784 615 1839 est
638 1773 800 1855 habenda,
829 1777 997 1843 Gisalberti
1028 1773 1153 1843 comitis
1174 1775 1324 1839 ilansua-

318 1884 435 1954 riornm
456 1879 482 1964 ⁴)
511 1897 551 1945 ec
574 1877 658 1947 filiae
681 1881 816 1949 lotharii
838 1883 1037 1970 imperatoris
1055 1882 1098 1968 Ι),
1127 1878 1242 1947 Carolo
1267 1880 1323 1948 de·

319 2001 416 2066 serto,
438 1985 654 2053 Zuenlebaldo
678 2008 715 2054 se
738 1988 958 2076 subjecerunt,
987 1989 1040 2077 qui
1064 2003 1232 2054 eumcum
1257 1985 1322 2052 suis

320 2107 372 2174 ,·,ut
395 2094 500 2170 fertur,
523 2093 649 2181 privare
672 2095 734 2161 vita
758 2094 935 2181 cogitabat·
957 2093 992 2180 ο).
1046 2091 1150 2160 Caroli
1173 2091 1253 2159 socii
1275 2091 1322 2157 his

318 2201 416 2270 rebus
439 2200 585 2277 exterriti,
609 2200 719 2267 amicis
743 2201 896 2288 majorem
921 2221 1015 2288 qnam
1039 2199 1153 2264 inimici
1175 2197 1323 2264 timorem

319 2309 396 2398 ipsis
421 2304 629 2394 injicientibus
651 2306 693 2373 ad
709 2306 856 2374 Odnnem
874 2307 998 2395 legatos
1022 2304 1258 2393 miserunlpqui
1282 2302 1322 2370 ab

320 2435 360 2482 eo
392 2422 516 2500 partem
543 2410 704 2500 quandam
736 2413 885 2478 Franciae
922 2428 954 2478 et
987 2410 1130 2478 inducias
1164 2421 1322 2498 rogarent·

320 2518 443 2615 Quibus
466 2517 632 2584 concessis
656 2529 689 2584 et
711 2517 834 2584 Odonis
857 2517 958 2606 copiis
987 2515 1323 2606 appropinquantibus,

320 2623 563 2701 zuentebaldus,
586 2623 639 2711 qui
664 2643 737 2690 cum
760 2624 916 2691 civitatem
934 2622 1178 2690 landunensem
1202 2641 1324 2712 cepere

318 2754 382 2800 non
406 2729 569 2818 potuisset,
591 2729 735 2797 inducias
758 2750 831 2797 cum
854 2729 978 2796 Didone
1001 2730 1158 2817 episcopo
1181 2728 1251 2817 ejus
1279 2729 1324 2796 ie·

320 2848 422 2916 cerat,
453 2835 600 2903 celeriter
627 2837 772 2925 receptui
802 2835 926 2902 cecinit.
970 2836 1098 2924 Utrique
1128 2848 1234 2903 autem
1268 2855 1321 2902 ee·

320 2945 394 3012 muli
416 2962 518 3030 usque
541 2939 582 3008 ad
607 2943 797 3031 colloquium
821 2952 895 3031 post
915 2941 1037 3030 pasche
1060 2942 1222 3032 sequentis
1249 2941 1322 3009 anni

321 3048 502 3119 babendum
534 3066 651 3136 pacem
681 3049 802 3136 agitare
831 3059 1016 3116 statuerunt.
1066 3052 1173 3138 ltaque
1204 3070 1232 3116 a.
1255 3047 1322 3116 896

321 3158 447 3225 diversa
477 3167 694 3220 convenerunt
723 3154 855 3222 concilia
886 3155 928 3221 ad
953 3176 1070 3243 pacem
1101 3155 1230 3221 tandem
1263 3155 1322 3221 ali-

319 3258 448 3354 quando
471 3258 737 3348 componendam,
760 3261 820 3328 sed
844 3261 958 3340 omnia,
988 3261 1142 3328 nonnullis
1165 3258 1322 3349 optimati:

391 3444 416 3513 Ι)
454 3448 520 3497 nnn.
543 3448 605 3500 ved.
625 3452 690 3510 tot,
715 3450 775 3515 lieg.
802 3454 862 3502 too.
905 3445 983 3501 Abho
1008 3449 1042 3500 de
1066 3449 1134 3500 bello
1161 3448 1233 3500 Paris
1259 3447 1280 3498 ΙΙ
1295 3460 1322 3500 r.

319 3539 470 3592 oti-579
495 3535 624 3600 „Sermo,
649 3538 707 3601 quis
725 3538 798 3589 effari
816 3538 927 3602 poterit,
952 3538 1074 3602 quotiens
1100 3537 1160 3602 iuga
1183 3535 1248 3588 celsi
1271 3533 1323 3588 Ar·

317 3625 380 3679 nulii
399 3623 592 3687 induperatoris
615 3627 730 3690 genitum
755 3627 812 3678 tulli
835 3639 900 3677 ense
919 3625 1017 3676 Odonis
1036 3625 1235 3678 cendebaldum
1258 3626 1323 3689 post

317 3721 389 3780 terga
407 3709 546 3762 tonante“.
565 3739 598 3752 -

389 3801 415 3862 2)
457 3792 534 3848 uuuo
553 3798 587 3849 de
606 3800 724 3852 moribus
743 3804 770 3853 et
792 3804 858 3854 actis
876 3803 1018 3853 Normenn.
1036 3799 1058 3853 ΙΙ
1077 3799 1133 3866 (ap.
1153 3802 1321 3853 Drrchesnius

316 3891 408 3942 histor.
425 3887 598 3936 Normannor.
617 3889 662 3939 SS.
680 3903 705 3951 p.
725 3887 782 3952 rt).

389 3969 414 4039 8)
451 3974 599 4027 comment.
620 3975 654 4027 de
672 3977 727 4028 reb.
748 3978 840 4029 Franc.
858 3980 951 4030 orient.
969 3979 1000 4044 ΙΙ,
1022 3983 1080 4030 tto.

391 4060 417 4123 Ι)
454 4060 560 4111 Nitherd
578 4059 620 4124 ΙΙΙ,
640 4067 655 4113 2
674 4060 702 4128 (i.
719 4077 743 4116 e.
760 4067 820 4130 pagi
838 4062 1013 4132 Musagowe).

368 4143 412 4214 Ἰ)
449 4147 550 4198 liudolfi
569 4163 628 4200 ann.
646 4152 732 4215 Foru,
744 4155 811 4216 sto,
833 4157 892 4204 illl.

387 4231 413 4300 d)
447 4235 610 4302 Annved,
630 4242 690 4293 iil.
749 4299 751 4303 y
