2796 4958
543 635 616 699 127

77 807 155 886 bus,
185 804 299 897 quibus
329 803 446 873 beilum
475 805 653 874 intestinum
680 806 813 896 placuit,
843 809 979 876 maxime
1009 807 1081 876 etii·

76 913 235 983 cientibus
262 914 304 981 ad
335 914 452 980 irritum
482 913 613 982 redacta
643 927 715 982 sunt
736 915 769 1000 ¹).
815 919 937 982 interea
959 935 1080 991 eorum,

74 1021 133 1109 qui
155 1018 307 1087 aCurolo
330 1031 484 1086 steterant
506 1041 664 1100 numerus,
688 1021 851 1109 permultis
874 1021 915 1088 ad
932 1021 1081 1089 Odouem

72 1126 165 1193 -beiio
186 1127 384 1213 superiorem
406 1127 656 1205 transeuntibus,
683 1128 785 1195 indies
815 1127 916 1216 magis
939 1127 1083 1196 deminu-

77 1243 132 1299 tus
154 1243 221 1310 est,
252 1232 293 1298 ita
316 1245 350 1298 ut
372 1233 440 1319 ipse
465 1233 654 1301 Rbemorum
684 1234 961 1322 archiepiscopus,
991 1237 1081 1324 eujus

74 1338 191 1405 ciuitas
217 1337 286 1405 sola
316 1338 346 1403 iu
376 1337 442 1404 fide
472 1340 541 1427 ejus
571 1352 806 1426 permanserat,
837 1340 930 1418 „lieet
955 1341 1083 1407 invitus”

79 1445 149 1532 regi
172 1466 238 1511 nou
260 1444 401 1531 legitimo
424 1465 461 1510 se
485 1445 628 1513 dederet.
663 1450 687 1512 Α
711 1468 775 1535 quo
797 1446 982 1513 administro
1004 1447 1082 1515 alias

77 1551 234 1618 fidissimo
270 1549 441 1616 derelictus
473 1550 605 1617 Carolus
644 1551 676 1617 iu
717 1571 849 1640 regnum
878 1552 1084 1621 Zueutebaidi

79 1657 211 1746 refugit,
240 1657 270 1722 iu
293 1667 411 1723 tantam
434 1658 557 1724 consilii
588 1657 725 1745 inopiam
758 1658 924 1738 reduetus,
952 1671 987 1725 ut
1009 1660 1083 1727 Ful·

72 1782 169 1831 -eone
189 1761 362 1829 admodum
386 1762 592 1830 dissuadente
614 1770 652 1844 ²),
675 1784 747 1832 eum
765 1765 953 1832 Normaunis
968 1767 1086 1834 acerri-

79 1873 142 1937 mis
155 1872 307 1938 Franciae
329 1868 481 1946 hostibus,
505 1870 559 1957 qui
582 1883 656 1937 tuuc
679 1892 782 1960 usque
805 1872 847 1938 ad
864 1873 985 1939 Mosam
1008 1895 1083 1962 pro·

78 1978 185 2066 gressi
212 1977 256 2044 ad
277 1976 460 2064 Sequanam
490 1989 596 2043 castra
625 1979 835 2057 muniverant,
866 1978 981 2046 foedus
1005 1981 1082 2047 inire

74 2094 232 2172 cuperet,
261 2094 293 2149 et
320 2082 374 2149 die
404 2082 548 2171 paschae
577 2082 629 2147 uni
658 2102 770 2150 eorum
800 2084 972 2151 Hunedeo'
991 2097 1085 2172 pater

81 2188 250 2278 spiritualis
279 2189 413 2275 (Pathe)
444 2191 595 2256 existeret
613 2189 650 2274 ⁸).
700 2189 934 2257 Zuentebaldus
964 2192 1084 2258 interea

78 2317 101 2363 a
122 2296 262 2384 pristinis
285 2296 422 2363 consitiis
444 2295 585 2363 nondum
609 2293 776 2373 recedens,
805 2295 903 2363 rebus
924 2296 1083 2364 ecelesiae

80 2403 267 2470 iibemensis
288 2404 354 2469 suis
378 2403 525 2470 ministris
548 2400 711 2478 attributis,
734 2402 863 2469 Fulcoui
885 2401 962 2481 vias,
990 2422 1032 2468 ue
1056 2423 1084 2470 a

80 2509 152 2577 896·
172 2508 354 2598 Septembri
376 2510 417 2575 in.
439 2509 480 2577 ad
502 2509 661 2600 synodum
676 2510 850 2575 Romanurn
874 2510 933 2574 iter
955 2507 1085 2588 iaceret,

81 2616 242 2706 probibuit
260 2621 299 2697 ⁴).
335 2617 438 2694 Quam
458 2637 525 2683 reru
546 2616 595 2682 ille
614 2636 686 2683 oum
709 2635 793 2702 papa
813 2613 998 2702 (Stephano
1018 2617 1083 2698 VH)

82 2743 279 2811 magnopere
307 2735 455 2810 questus,
485 2723 553 2807 ejus
583 2720 801 2810 „tyrannidem
827 2720 1005 2807 apostoliea
1027 2743 1084 2788 au·

79 2830 227 2896 etorit'ate
250 2828 395 2916 reprimi”
414 2830 516 2918 jussit.
569 2829 617 2893 De
640 2826 687 2892 his
710 2826 833 2912 magnis
856 2826 1006 2911 angustiis
1030 2846 1087 2892 oo·

79 2938 184 3025 gita'us
207 2935 299 3002 Abbo
323 2935 398 3002 dicit
417 2935 459 3019 ⁵):
495 2932 699 3012 „Subsidium
723 2930 836 3007 Karoii,
864 2931 969 3010 virtus,
999 2952 1085 3018 spes,

82 3043 136 3110 bie
158 3042 189 3108 iu
214 3041 388 3109 Odonem.''
419 3041 479 3120 Qui
503 3060 575 3106 eum
592 3059 652 3127 per
666 3038 881 3104 internuncios
904 3058 979 3124 pars
994 3040 1085 3127 regni

81 3148 209 3216 aemulo
221 3146 434 3216 eoncedenda
446 3146 487 3212 ab
501 3167 542 3213 eo
555 3156 767 3232 expeteretur,
782 3145 1001 3212 misericordia
1019 3167 1088 3213 mo·

80 3267 134 3324 tus
156 3268 189 3324 et
210 3256 331 3343 majora
355 3254 519 3342 pollicitus,
543 3253 572 3318 ei
595 3264 731 3332 tantum,
759 3266 929 3339 „quantum
958 3251 1018 3317 sibi
1042 3252 1088 3316 vi·

80 3385 154 3430 sum
177 3363 246 3430 fuid
270 3383 297 3428 a.
321 3361 389 3428 897
413 3360 540 3427 tradidit
560 3364 600 3438 ⁶).
644 3360 712 3425 Nee
741 3356 837 3423 multo
866 3367 940 3443 post
966 3357 996 3420 in
1028 3375 1087 3422 ea·

79 3482 158 3548 stro,
180 3472 231 3536 oui
255 3472 355 3535 Ferae
378 3489 494 3534 nomen
518 3477 594 3539 erat.
621 3463 665 3530 ad
691 3469 771 3530 tsarn
795 3482 921 3528 amnem
945 3473 1086 3528 moratus

80 3577 113 3642 in
143 3595 273 3665 gravem
304 3572 449 3641 morbum
481 3573 632 3658 delapsus
669 3582 718 3636 est
748 3581 844 3658 atque
873 3567 992 3634 ibidem
1023 3569 1088 3635 Kal.

79 3683 148 3749 lan.
171 3703 201 3750 a.
223 3679 291 3749 898
319 3680 503 3768 exspiravit,
531 3680 578 3746 vir
612 3677 699 3745 fortis
729 3688 762 3743 et
791 3677 843 3764 qui
874 3673 917 3742 ob
946 3686 1087 3742 mentem

155 3981 179 4052 t)
216 3985 380 4047 Anu.Ved.,
401 3988 460 4035 896.
611 3982 637 4041 t)
673 3981 802 4032 Flodoard
821 3979 863 4044 IV,
884 3982 936 4028 δυ

153 4069 179 4136 a)
217 4075 283 4124 Anu.
301 4074 380 4135 Ved,
404 4077 463 4123 897.
615 4067 641 4134 i)
677 4069 807 4120 Flodoard
825 4068 866 4129 lv,
887 4069 911 4116 t.

85 4195 91 4201 -
153 4155 180 4225 t)
216 4161 249 4211 de
269 4161 338 4212 bello
357 4161 487 4211 Parisiaeo
505 4157 535 4219 ii,
556 4161 605 4208 ⁵8⁰
626 4155 824 4222 (PertzSS.11,
845 4151 918 4220 stt).

152 4247 179 4309 d)
215 4250 281 4300 dun.
299 4249 377 4310 Ved,
397 4251 456 4298 897.
491 4246 562 4297 Fiod.
581 4245 624 4307 tt,
646 4248 668 4295 i.
