2796 4958
600 893 721 1021 cau.
749 935 821 1007 ιι.

357 1099 575 1219 Arndtrs
606 1125 694 1214 rex
726 1098 844 1236 (887
857 1158 911 1174 -
927 1101 1062 1240 aaa).

294 1349 438 1418 Arnuiius
472 1347 578 1436 igitur,
612 1346 792 1434 „disposito
828 1360 921 1433 prout
950 1348 1046 1415 voiuit
1073 1359 1217 1437 regno“‚

206 1455 292 1523 diem
326 1454 464 1520 natalem
495 1452 618 1519 Domini
650 1472 676 1521 a.
708 1450 776 1519 887
804 1452 996 1521 Ratishonae
1028 1454 1217 1538 celebravit,

205 1559 312 1649 ibique
335 1579 437 1648 usqua
462 1557 491 1623 iu
514 1556 720 1625 Februarium
748 1577 893 1623 mensem
916 1579 943 1624 a.
969 1558 1036 1625 888
1058 1571 1216 1640 moratus,

205 1675 397 1732 conventum
427 1661 610 1750 geueraiem
638 1661 834 1748 optimatium
858 1664 1025 1744 Bavariaa,
1054 1663 1216 1732 Adaman-

204 1770 285 1846 uiae,
307 1768 473 1845 Senoniae,
496 1767 648 1832 Franciae
679 1766 720 1831 ad
744 1760 968 1836 deliberandas
993 1790 1065 1835 cum
1095 1770 1132 1835 iis
1155 1791 1215 1836 ras

203 1872 348 1960 publicas
376 1871 484 1941 habuit
508 1871 542 1957 ¹).
587 1871 754 1937 Neminem
784 1882 889 1938 autem
921 1872 1064 1962 effugere
1092 1886 1214 1961 potest,

205 1977 308 2049 Caroli
331 1977 445 2066 injusta
470 1975 655 2064 expulsione
680 1986 713 2041 et
735 1975 872 2044 violenta
895 1981 1020 2066 nepotis
1044 1978 1113 2066 ejus
1137 1999 1216 2045 cre-

203 2083 317 2162 atione,
342 2083 485 2171 quamvis
508 2082 559 2147 hic
582 2101 646 2146 non
664 2080 737 2167 jura
759 2083 848 2170 regia
872 2083 931 2155 sed
955 2072 1114 2177 beneficia
1141 2096 1214 2150 tan·

202 2199 267 2253 tum
292 2178 383 2253 iuter
403 2188 527 2256 nobiles
558 2184 764 2265 distribuerit,
799 2188 973 2273 potentiam
1003 2209 1114 2265 eorum
1140 2189 1212 2276 jam

201 2313 359 2367 summam
383 2281 525 2358 altiorem
539 2289 673 2379 gradum
690 2293 845 2380 consequi
865 2279 1053 2378 oportuisse.
1099 2295 1211 2363 Primo

202 2397 287 2464 anim
317 2407 392 2462 tuuc
424 2397 453 2461 in
484 2395 653 2464 Germania
680 2414 854 2482 proceres,
888 2397 1083 2485 exemplum,
1117 2399 1210 2485 quod

202 2500 312 2568 Franci
336 2500 554 2568 occidentales
583 2501 712 2586 saepius
741 2496 922 2583 ediderant,
952 2492 1077 2581 imitati,
1107 2501 1209 2571 fidem

201 2603 382 2693 imperatori
407 2627 465 2671 suo
490 2603 630 2671 debitam
662 2599 791 2691 impune
819 2605 1025 2686 violaverunt,
1059 2621 1091 2673 et
1118 2607 1209 2675 haud

200 2713 334 2800 amplius
358 2711 442 2800 regis
464 2720 704 2796 sacrosanctam
729 2718 920 2796 potestatem
944 2713 1098 2795 venerati,
1130 2733 1207 2784 eum

198 2817 409 2897 solummodo,
434 2838 592 2882 summum
616 2815 775 2879 seniorem
800 2833 919 2893 eorum,
944 2817 996 2903 qui
1021 2829 1053 2883 et
1068 2818 1127 2905 ipsi
1151 2839 1206 2885 se·

197 2924 304 2989 uiores
328 2933 433 2999 erant,
462 2920 597 3006 primum
620 2919 712 3005 igitur
740 2921 820 2982 inter
848 2939 943 3004 pares
974 2940 1048 2987 essa
1081 2922 1204 2989 ducere

198 3037 383 3114 coeperunt.
426 3025 647 3110 Summopere,
671 3024 697 3088 si
721 3023 825 3088 Caroli
847 3025 950 3110 Magni
979 3036 1125 3114 tempora
1149 3029 1202 3094 iis.

198 3131 273 3197 dem
296 3131 420 3219 legibus
450 3150 521 3206 usa,
553 3148 625 3195 cum
648 3127 697 3194 his
727 3129 945 3209 conferamus,
978 3133 1023 3198 rei
1052 3133 1201 3220 publicae

196 3237 311 3304 taciem
334 3245 486 3302 mutatam
508 3233 683 3301 cernimus:
715 3235 820 3303 omnia
842 3254 971 3301 munera
996 3249 1027 3301 at
1048 3239 1201 3304 comitum

195 3353 228 3408 et
254 3341 475 3407 marchionum
501 3337 693 3405 hereditario
720 3339 792 3425 jure
822 3360 842 3404 a
871 3340 1013 3427 patribus
1044 3341 1085 3406 ad
1118 3340 1200 3409 fitius

194 3448 398 3524 transieruut;
422 3444 510 3532 quod
532 3445 563 3509 in
574 3445 706 3510 Francia
729 3441 920 3508 occidentali
941 3442 1014 3532 lege
1034 3447 1202 3526 sancitum·

193 3550 224 3615 in
240 3550 408 3617 Germania
432 3571 561 3638 quoque
585 3570 708 3618 morem
733 3548 829 3614 inisse
853 3546 990 3619 extetto
1015 3551 1094 3618 civili
1118 3551 1199 3618 inter

191 3655 364 3721 dribonam
388 3666 420 3722 et
442 3654 522 3722 filios
545 3674 771 3722 successorum
796 3653 865 3739 ejus
887 3665 998 3721 exorto
1028 3656 1200 3743 cognosci·

190 3780 270 3825 mins.
313 3761 470 3828 Numerus
499 3758 976 3846 ingenuorum-agricultorum,
1008 3761 1061 3848 qui
1091 3762 1196 3828 varias

190 3863 233 3929 ub
254 3885 368 3931 causas
392 3882 445 3932 aut
469 3863 631 3932 voluntarii
656 3873 709 3927 aut
731 3862 813 3928 iuviti
842 3863 1019 3931 senioribus
1043 3886 1079 3930 se
1104 3865 1195 3930 dedi-

189 3968 310 4045 derunt,
335 3970 519 4038 necessario
536 3967 678 4056 quodam
692 3988 798 4035 rerum
810 3990 985 4059 progressu
1007 3971 1101 4036 valde
1126 3982 1195 4036 erat

189 4090 385 4106 *—

262 4144 290 4210 t)
326 4147 390 4198 Ann.
409 4147 481 4198 Futd.
501 4161 523 4196 a.
543 4149 601 4195 888.
