2796 4958
774 586 826 652 dl)

389 758 455 823 Rex
478 755 607 824 tandem
631 755 674 824 de
698 757 834 825 motibus
856 756 913 822 illis
938 755 1053 821 certior
1076 754 1178 820 lactus
1194 773 1237 819 en
1254 755 1322 820 Ba·

303 862 388 929 varia
410 864 645 930 Francolortum
668 864 829 952 profectus
853 864 903 928 est
925 881 965 927 ac
987 881 1099 927 mense
1117 859 1210 926 lunio
1236 880 1322 926 con-

303 967 421 1034 tionem
450 970 492 1037 ibi
523 970 631 1036 babuit
659 970 841 1057 generalem
862 969 905 1054 ¹),
934 965 1074 1053 indeque
1097 965 1237 1032 lortnsse
1261 985 1322 1029 ex·

305 1073 476 1160 peditionis
506 1075 639 1142 bellicae
671 1087 781 1142 contra
806 1079 945 1141 Francos
968 1070 1185 1138 occidentales
1213 1070 1322 1136 susci·

308 1178 444 1264 piendae
469 1183 568 1268 gnatia
601 1181 781 1268 „disposuit
812 1181 1010 1271 adventare“
1037 1176 1320 1263 Borbetomagum.

309 1283 407 1350 Gallia
447 1289 545 1366 enim,
584 1300 700 1375 quanta
736 1309 776 1354 ex
814 1299 909 1374 paeto
944 1283 1163 1351 Verodunensi
1199 1281 1320 1348 Carolo

308 1388 423 1460 Crasso
448 1402 517 1458 erat
539 1393 669 1471 tradita,
700 1405 774 1458 tunc
804 1395 833 1459 in
863 1394 1003 1480 quinque
1026 1391 1077 1456 vel
1100 1410 1158 1455 sex
1181 1386 1320 1453 diduce-

307 1493 401 1562 batur
423 1511 545 1584 partes:
578 1500 755 1566 Neustrinm
786 1520 858 1566 oum
882 1496 1057 1574 tuscania,
1088 1515 1172 1582 quae
1195 1513 1320 1580 nequa-

309 1623 403 1688 quam
434 1625 565 1690 prorsus
597 1605 782 1670 coaluerant
799 1605 843 1691 ²),
875 1604 1082 1679 Britanniam,
1111 1599 1321 1687 Aquitaniam,

309 1720 478 1795 utramque
502 1709 724 1797 burgundiam.
764 1712 904 1787 Quarum
928 1707 1085 1774 Britannia
1102 1707 1169 1793 jam
1194 1726 1233 1770 ex
1259 1707 1322 1792 pri-

308 1814 368 1878 mis
393 1815 494 1881 Caroli
520 1816 606 1883 Calvi
629 1815 841 1901 temporibus,
872 1815 957 1880 nullo
980 1834 1054 1879 cum
1082 1811 1219 1878 caeteris
1244 1829 1323 1876 cou-

310 1919 418 1985 stricta
443 1921 583 2002 vinculo,
616 1943 634 1987 a
663 1922 799 2007 propriis
822 1920 1060 2009 gubernabatur
1089 1917 1222 2005 regulis,
1254 1928 1320 1981 tum

313 2024 354 2091 ab
378 2026 554 2094 ludiclreilo
585 2040 615 2093 et
647 2026 746 2092 Alano
779 2027 820 2093 de
855 2028 989 2114 imperio
1023 2022 1265 2091 decertantibus
1286 2021 1321 2109 ⁸).

309 2133 485 2219 Aquitania,
509 2155 593 2221 quae
617 2133 769 2198 diuturnis
792 2134 883 2201 bellis
906 2132 1053 2220 subjecta
1074 2130 1324 2218 semper-invita

312 2248 443 2305 externo
468 2240 535 2326 regi
558 2238 708 2326 parebat,
737 2261 755 2304 a
780 2240 943 2306 Ramnullo
964 2243 991 2324 ⁴)
1014 2238 1081 2303 viro
1106 2236 1229 2322 magnis
1253 2236 1324 2323 opi·

312 2343 374 2408 bus
393 2344 539 2429 praedito
557 2343 739 2430 regebatur,
761 2345 822 2430 qui,
843 2345 987 2432 quamvis
1006 2365 1034 2408 a.
1052 2339 1118 2407 889
1138 2341 1207 2428 regi
1225 2343 1324 2407 Fran·

313 2469 425 2514 corum
449 2449 663 2516 obedientiam
687 2449 848 2516 simularet
865 2452 902 2536 ⁸),
927 2447 1094 2537 usquead
1118 2460 1253 2514 mortem
1279 2462 1325 2515 ta·

313 2575 387 2620 men
410 2556 618 2642 principatum
643 2555 775 2620 obtinuit
793 2556 836 2638 ⁶)..
870 2559 902 2621 ln
926 2555 1069 2620 Neustria
1093 2563 1199 2620 autem
1224 2575 1325 2621 novo·

314 2683 384 2727 rum
409 2661 572 2750 quoddam
594 2662 755 2726 bominum
786 2683 887 2749 genus
909 2683 973 2727 non
1003 2670 1128 2746 patrum
1153 2659 1326 2739 nobilitate,

314 2766 375 2833 ned
409 2768 549 2855 ipsorum
580 2767 759 2838 fortitudine
792 2766 833 2832 ad
858 2766 1043 2853 dignitatum
1067 2765 1186 2852 gradus
1209 2787 1326 2832 asceu-

318 2873 475 2954 dentium,
508 2897 665 2941 summum
695 2873 754 2938 sibi
789 2873 910 2959 paravit
944 2872 1128 2958 imperium,
1148 2871 1253 2962 ⁴quod
1284 2873 1327 2939 ad

317 2991 427 3046 nostra
449 3002 553 3068 usque
575 2993 723 3066 tempora
745 2980 850 3044 tenuit.
887 2978 983 3064 Cujus
1008 2989 1118 3043 atavus
1133 2977 1329 3056 Witicbinus,

320 3105 359 3150 ex
383 3086 519 3152 Saxonio
548 3087 579 3152 in
608 3085 786 3154 Neustriam
817 3084 935 3152 laribus
967 3085 1124 3148 translatis
1145 3088 1185 3167 τ),
1220 3081 1328 3163 filium,

318 3229 519 3245 --r·—·——·w

393 3301 417 3362 l)
452 3301 599 3363 Diplomata
621 3299 783 3350 Francolurti
806 3301 867 3350 data
886 3304 991 3352 exstant
1010 3315 1025 3350 a
1049 3301 1091 3353 die
1112 3304 1135 3349 8.
1151 3299 1219 3348 lunii
1244 3312 1331 3349 mene.

320 3384 372 3453 (ap.
391 3389 542 3440 Lacomblet
563 3388 776 3441 Urkundenbueb
802 3389 850 3438 des
872 3389 1056 3443 Niederrheins
1074 3387 1094 3449 Ι,
1117 3381 1159 3451 tt)
1184 3399 1271 3454 usque
1295 3388 1331 3440 ad

321 3478 391 3530 diem
411 3483 435 3528 8.
453 3477 510 3529 Julii
529 3492 562 3530 m.
584 3474 724 3542 (Boehmer
744 3479 811 3528 1888
826 3501 853 3516 -
872 3479 959 3542 toll).
981 3501 1008 3517 -·

394 3567 419 3624 8)
458 3564 561 3618 Wenclr
578 3565 594 3612 l.
613 3564 629 3613 l.
648 3577 675 3630 p.
697 3567 728 3613 38
749 3564 808 3612 adn.
829 3567 869 3616 ta,
943 3566 967 3622 8)
1006 3563 1223 3628 Regtnoa·ttttt.

396 3656 420 3715 l)
456 3651 524 3702 dnn.
549 3650 621 3701 Fnld.
646 3655 696 3700 888
727 3650 893 3711 „llannollus
925 3663 955 3700 se
982 3663 1072 3714 regern
1097 3648 1188 3698 haberi
1212 3648 1333 3697 statutt.·‘

325 3743 421 3792 Chron.
437 3737 559 3791 Rlcbardi
577 3741 675 3790 Pletav.
703 3736 833 3801 (Bouquet
850 3734 893 3802 lx,
914 3739 957 3799 nt)
983 3737 1029 3787 clr.
1051 3738 1085 3787 de
1104 3749 1137 3786 eo
1157 3732 1263 3786 Wenelr
1281 3738 1297 3786 l.
1315 3739 1332 3787 l.

323 3845 350 3894 p.
369 3835 410 3880 87.
430 3856 460 3866 -

395 3920 420 3979 8)
462 3920 526 3968 Αηη.
544 3918 654 3970 vedast.
674 3919 724 3965 888
745 3913 859 3975 ‚juravit
878 3913 917 3974 illl,
939 3927 1009 3976 quae
1029 3912 1107 3976 digna
1126 3909 1260 3962 luerunt.“

396 4007 421 4066 8)
458 4007 605 4056 Gozbcrtus
629 4007 655 4054 et
681 4001 764 4051 Ebulo
792 4000 888 4051 fratres
913 4002 936 4050 ei
962 4003 1159 4051 successerunt
1186 4000 1247 4063 fleg.
1273 4003 1335 4062 892,

346 4109 389 4144 nn.
409 4095 474 4144 Ved.
494 4097 552 4144 tet.

324 4096 344 4145 A
398 4185 423 4244 t)
459 4178 561 4232 Rieherl
579 4178 713 4231 Historiar.
731 4177 761 4226 t.
779 4173 803 4240 1,
818 4191 841 4227 c.
859 4181 884 4230 tt.
909 4176 1044 4227 Almoinus
1062 4175 1212 4226 Floriacens
1233 4174 1268 4226 de
1286 4188 1338 4225 re-
