2796 4958
667 613 717 677 lu

192 811 265 856 esse
280 788 463 866 relerentes,
487 785 739 873 Lappenbergus
760 786 785 874 ¹)
809 786 974 854 annalibus
986 785 1199 854 Fuldensibus

191 895 287 961 iidem
314 913 444 981 prorsus
468 890 627 976 abrogare
650 892 722 958 vult.
766 892 832 960 Sed
848 904 960 961 auctor
982 894 1074 980 hujus
1098 913 1197 959 anna·

191 1001 263 1067 lium
288 1002 385 1087 partis
409 998 575 1065 manifesto
601 1001 689 1066 testis
713 1020 842 1088 pugnae
863 1001 1026 1067 lhiliensis
1049 1000 1197 1068 oculatus

191 1108 252 1181 luit,
278 1127 383 1194 neque
405 1104 490 1171 adeo
512 1093 571 1170 stoi
586 1105 644 1191 ipsi
658 1126 840 1194 repugnare
862 1118 978 1193 potest,
1002 1116 1036 1170 ut
1059 1117 1197 1171 mortem

193 1211 355 1280 Godolridi
379 1213 491 1277 iterum
515 1231 539 1276 s.
564 1231 592 1277 a.
613 1211 680 1281 885
702 1218 732 1295 ²)
764 1222 899 1280 enarret.
946 1215 994 1278 De
1020 1209 1074 1278 die
1103 1210 1197 1298 hujus

194 1320 303 1408 proelii
328 1320 434 1384 variae
458 1326 582 1382 exstant
605 1318 780 1405 opiniones.
825 1318 1022 1385 Boebmerus
1044 1316 1072 1402 ⁸)
1099 1336 1198 1383 anna-

193 1429 265 1493 lium
290 1425 530 1494 Vedastinomm
555 1425 733 1493 testimonio
756 1423 784 1511 ⁴)
808 1424 914 1504 fretus,
939 1424 970 1491 id
995 1443 1109 1490 mense
1132 1423 1196 1490 No-

194 1531 313 1600 vembri
338 1530 545 1598 commissum
569 1550 643 1596 esse
666 1531 801 1618 putavit,
835 1552 944 1598 verum
968 1533 1106 1619 scriptor
1129 1529 1198 1594 Ful·

194 1639 301 1707 deusis
332 1635 405 1701 illud
429 1635 578 1702 Kalendis
606 1637 724 1702 mensis
755 1635 937 1724 cujusdam,
967 1636 1057 1723 cujus
1081 1634 1199 1702 excidit

192 1755 310 1812 noanon
342 1741 500 1807 accidisse
531 1741 622 1818 dicit,
654 1739 809 1831 ideoque,
839 1745 865 1809 si
891 1763 1004 1811 revera
1025 1740 1197 1808 Normanni

192 1847 362 1919 Novembri
387 1845 517 1912 denium
541 1868 653 1914 mense
678 1848 737 1913 iton
755 1849 926 1917 Luvanium
950 1849 1110 1926 iecissent,
1133 1847 1190 1912 Kal

194 1960 269 2025 Deo.
294 1953 437 2021 Amulius
461 1966 572 2019 contra
597 1974 654 2020 eos
679 1952 873 2034 dimicasset,
901 1965 1073 2043 oporteret.
1119 1952 1199 2018 Huic

194 2079 314 2139 tamen,
330 2060 507 2128 sententiae
539 2058 622 2127 dnae
646 2060 673 2146 ⁵)
703 2061 854 2146 refragari
886 2060 1032 2127 videntur
1059 2060 1199 2134 chartae,

194 2191 310 2258 aroge
340 2166 455 2233 diebus
488 2166 504 2232 1
539 2167 613 2233 etl)
638 2166 707 2234 Oct.
740 2168 858 2233 mensis
887 2168 1021 2255 Trajecti
1049 2166 1085 2235 'et
1109 2163 1199 2254 juxta

193 2281 313 2344 Mosam
338 2273 442 2350 datae,
463 2292 536 2339 cum
561 2294 623 2340 non
640 2272 808 2340 verisimile
831 2272 879 2350 sit,
902 2272 1079 2361 principem
1103 2270 1208 2360 pice·

194 2381 286 2450 liandi
319 2378 558 2465 cupidissimum
592 2400 651 2465 per
681 2378 762 2445 duos
794 2399 922 2444 menses
952 2380 982 2444 in
1013 2377 1201 2466 regionibus

194 2489 250 2554 illis
274 2485 314 2551 ab
339 2484 482 2551 hostibus
507 2486 635 2550 vastatis
658 2485 689 2550 in
721 2487 785 2551 otio
817 2486 939 2552 vixisse.
986 2486 1094 2565 Quane
1118 2487 1201 2572 Lap-

195 2593 379 2682 penbeugus
402 2592 428 2678 ⁰)
451 2591 566 2680 aliique
590 2590 654 2657 Kal.
679 2592 764 2677 Sept.
789 2603 961 2678 pugnatum
986 2611 1060 2657 esse
1084 2610 1202 2659 censu·

195 2712 295 2777 erunt,
318 2704 443 2764 lustum
459 2699 598 2785 Lipsium
623 2704 648 2783 ⁷)
674 2710 787 2764 testem
800 2697 1001 2775 adhibentes
1024 2698 1075 2788 qni
1101 2698 1202 2764 viclo·

195 2809 261 2875 riae
284 2806 363 2872 illius
385 2806 494 2892 gratie,
515 2804 751 2892 plerisqueboo
764 2802 989 2882 nescientibus,
1012 2805 1096 2870 hunc
1113 2803 1200 2870 diem

195 2936 254 2980 suo
280 2915 441 2979 etiamtum
472 2924 618 2998 tempore
642 2910 767 2976 Luvanii
798 2910 1055 2998 „supplicatione
1086 2931 1200 2987 annua,

196 3021 292 3097 ludis,
324 3016 474 3084 conviviis
505 3016 706 3107 laetitiaque''
737 3017 893 3112 celebrari
923 3017 1067 3105 conjecit.
1120 3019 1201 3084 Not·-

196 3125 308 3204 manni‚
333 3123 385 3213 qui
408 3120 549 3188 nondum
573 3122 616 3188 ad
628 3123 878 3191 internecionem
901 3123 996 3191 deleti
1021 3136 1118 3204 orant,
1142 3123 1202 3190 ho·

195 3231 295 3298 stibus
319 3229 486 3316 digressis,
516 3227 656 3317 undique
685 3249 726 3297 se,
753 3227 939 3318 colligentes
970 3231 1083 3297 iterum
1113 3229 1199 3317 apud

196 3338 365 3405 Luvanium
398 3347 502 3402 eastra
536 3333 735 3414 locaverunt,
774 3336 882 3426 ibique
915 3337 1021 3404 hieme
1060 3347 1200 3425 peracta,

196 3465 308 3511 mense
329 3440 423 3509 Febr.
446 3463 473 3508 a.
496 3441 563 3508 892
586 3446 616 3519 ⁸)
645 3442 824 3529 llipuariam
856 3456 941 3510 trans
964 3438 1084 3510 Mosam
1108 3442 1201 3509 sitnm

198 3591 397 3606 ..α-...-

271 3682 295 3750 1)
334 3682 426 3734 Gesch.
446 3695 472 3731 v.
490 3683 606 3746 England
629 3680 651 3746 l,
672 3688 718 3735 911
741 3699 768 3734 n.
788 3691 813 3736 9.

251 3773 295 3833 ‘tl
332 3769 490 3822 Godolridus
509 3784 556 3822 rex
577 3796 608 3808 -
630 3775 745 3823 occisus.
817 3772 847 3836 3)
883 3773 944 3838 ling.
961 3774 1046 3824 Carol.
1064 3787 1089 3835 p.
1109 3775 1168 3821 lt'l.

271 3855 296 3923 t)
333 3874 355 3909 a.
375 3863 423 3910 991
449 3896 465 3923 „
474 3858 654 3910 decreverunt
665 3859 781 3910 Luvanio
801 3861 850 3912 sibi
861 3862 955 3914 sedem
970 3862 1075 3913 firmare
1094 3862 1130 3913 ad
1149 3860 1204 3910 blo·

196 3948 330 4010 mnndum,
350 3947 461 4010 illucque
481 3960 574 4003 mense
592 3948 752 3999 Nouembrio
771 3953 866 4012 petunt
882 3952 959 4001 lter''.

269 4035 295 4097 tl
331 4037 461 4088 Bochmen
483 4039 559 4097 1991,
581 4038 659 4086 toea.
767 4031 794 4103 t)
830 4038 919 4090 l.s.l.
1069 4082 1072 4087 .

269 4124 293 4185 7)
329 4126 406 4189 lipsii
434 4138 532 4188 opera,
558 4125 717 4187 Antverpiao
743 4128 810 4178 tout
839 4127 912 4177 Tam.
930 4127 963 4176 lll
987 4140 1014 4191 p.
1035 4130 1085 4178 1119
1113 4129 1205 4178 Loun-

197 4214 268 4261 nium
288 4227 312 4264 c.
334 4215 362 4264 V.
518 4212 544 4273 8)
580 4213 640 4277 Reg-
659 4217 718 4264 899.
