2796 4958
704 652 728 714 ’1

212 823 274 890 bus
311 822 557 911 gubernandae,
593 832 677 887 trans
710 822 836 888 Anisum
871 822 994 888 luerunt
1024 824 1221 902 constitutae,

211 951 295 1018 quae
319 930 499 996 Pannoniae
523 947 638 994 nomeu
672 929 860 995 arctioribus
882 928 998 995 finibus
1022 931 1220 997 circumseri-

210 1035 346 1114 habant,
383 1036 424 1102 ita
454 1047 487 1104 ut
517 1034 672 1107 interdum
703 1047 789 1105 terra
819 1055 921 1127 usqua
951 1035 992 1101 ad
1021 1036 1218 1104 arrabonem

208 1163 336 1208 amnem
361 1140 457 1208 modu
480 1142 527 1208 sie
549 1141 764 1228 'appellaretur
785 1146 821 1222 ¹).
877 1142 920 1207 lla
943 1159 1020 1209 vero
1045 1142 1216 1230 provincia,

209 1270 292 1336 quae
315 1249 444 1335 proprie
468 1248 509 1313 ita
529 1247 591 1315 dioi
611 1247 745 1325 solebat,
770 1248 1024 1333 asaptentrione
1035 1247 1215 1313 Danubium

206 1366 238 1419 et
255 1355 432 1433 Murenam,
456 1353 498 1422 ab
522 1353 644 1423 oriente
668 1353 807 1419 eundem
825 1352 951 1421 lluvium
973 1367 1005 1421 et
1026 1354 1154 1420 Daciam
1177 1351 1213 1436 ²),

206 1481 224 1524 a
248 1459 380 1525 meridie
405 1463 542 1526 Dravum
569 1470 599 1524 et
622 1458 809 1536 slavoniam,
831 1459 975 1526 habebat
997 1459 1087 1536 linea,
1111 1467 1143 1524 et
1166 1457 1211 1522 di-

204 1565 372 1632 videbatur
400 1567 431 1633 in
460 1565 639 1632 inferiorem
671 1575 703 1636 et
731 1565 930 1651 superiorem
960 1564 1153 1632 Pannoniam
1171 1567 1211 1640 ³).

205 1672 276 1747 Quo
305 1671 403 1737 limite
426 1689 486 1735 eae
509 1680 688 1754 separatae.
709 1682 832 1749 essent,
863 1693 1020 1760 nusquam
1050 1667 1210 1755 expressis

202 1775 308 1846 verbis
332 1784 616 1842 commemoratum
639 1776 782 1862 reperire
806 1779 908 1863 potui;
932 1776 1130 1849 Arrabouem
1153 1786 1209 1839 auss

201 1893 265 1947 tem
288 1880 415 1952 fluvium
437 1881 602 1948 terminum
629 1880 733 1959 fuisse,
756 1883 941 1969 conjectura
961 1894 1010 1949 ast
1033 1881 1207 1948 admodum

200 1988 389 2074 probabilis,
419 1987 493 2079 quia
518 1987 730 2053 Romanorum
760 1999 907 2075 tempore
932 1990 999 2076 jam
1028 1990 1069 2054 ita
1098 1987 1207 2052 distin·

198 2092 391 2180 guahantur‚
415 2103 448 2157 et
471 2091 605 2158 Chozilis
626 2112 775 2177 reguum,
799 2094 885 2180 quod
909 2116 984 2183 pars
1007 2095 1105 2160 luisse
1128 2095 1208 2158 Pan-

197 2201 313 2266 noniae
353 2197 508 2264 inferioris
550 2196 677 2271 dicitur,
720 2196 782 2263 hoe
821 2197 949 2265 flumine
983 2199 1151 2266 finiebatur
1169 2197 1204 2283 ⁴).

199 2306 297 2392 Hujus
326 2305 419 2391 igitur
449 2314 566 2368 tractus
590 2302 733 2390 quidam,
763 2303 804 2373 ab
827 2304 990 2374 Arrabone
1014 2304 1107 2375 lluvio
1130 2305 1206 2370 inci·

198 2472 398 2486 ...υ-ι*

195 2581 342 2630 Pannonian
362 2579 508 2642 (Doahmer
527 2581 577 2642 ‘192
597 2578 611 2627 l.
627 2575 657 2640 l.)
677 2575 743 2628 Anu.
763 2579 833 2629 Fuld.
853 2585 903 2630 9⁰⁰
923 2581 1009 2643 „ultra
1026 2575 1135 2628 Anesim
1152 2577 1202 2628 llu-

164 2682 166 2686 ‘
195 2670 266 2718 vium
287 2665 399 2732 (Ungari)
419 2680 530 2731 regnum
548 2666 712 2727 Bajoarioum
733 2667 860 2722 hostiliter
878 2668 1053 2718 invaserunt.”

268 2757 292 2815 i)
331 2754 382 2804 Cir.
402 2755 467 2819 Dipl.
487 2767 528 2816 ap.
547 2755 615 2804 Mon.
635 2755 713 2804 Boiee
726 2753 835 2816 xxviii,
857 2759 889 2802 72
908 2751 1051 2820 (Boehmer
1072 2753 1139 2817 955)
1159 2756 1202 2818 „in

194 2846 295 2894 oriente
310 2843 386 2904 iuxta
405 2842 514 2892 fluvium
533 2842 652 2895 Dabam&

266 2929 291 2990 Ξ)
327 2929 450 2978 Einhardi
472 2931 525 2978 vita
541 2930 624 2979 Karuli
649 2942 672 2979 e.
695 2932 726 2979 15
752 2930 912 2992 „utramque
930 2931 1088 2981 Pannoniam
1108 2934 1135 2981 et
1153 2931 1201 2980 ad-

195 3018 309 3080 positam
333 3017 359 3065 in
384 3007 465 3066 altera
483 3016 592 3071 Danubii
616 3018 672 3080 ripa
691 3013 834 3069 Datiam-
846 3018 1022 3080 perdomuit'¹.
1064 3021 1203 3069 Constan-

195 3107 240 3156 tin.
275 3104 436 3168 Porphyrog.
463 3104 497 3154 de
525 3106 669 3154 administr.
696 3105 788 3167 imper.
815 3118 837 3155 a.
865 3109 906 3172 ‚⁴²2
933 3105 1079 3158 κατοικοῦσι
1102 3105 1153 3176 μὲν
1177 3104 1202 3156 ot

198 3191 316 3264 Taipxor·
334 3184 454 3260 nouae
478 3187 521 3244 τοῦ
544 3190 699 3259 nanterus
720 3188 838 3261 ποιαμοῖ
859 3193 895 3247 εἰς
914 3191 953 3256 τῆς
978 3195 1122 3265 Μοραβίας
1142 3192 1200 3260 γῆν.

194 3281 330 3331 Dioeeasis
355 3293 370 3330 a
393 3280 502 3342 Pippino
528 3282 625 3333 Aranni
655 3281 856 3349 archiepiscopo
878 3282 1024 3333 iuvavensi
1046 3278 1198 3341 commissa,

192 3371 267 3420 latuit
293 3377 403 3431 „usqua
429 3369 463 3418 ad
483 3369 602 3419 Drarum
621 3369 730 3419 fluvium
750 3372 776 3418 et
802 3382 835 3419 ao
855 3383 940 3433 usque
958 3371 1003 3420 ubi
1021 3370 1126 3418 Dravus
1146 3368 1201 3417 fluit

192 3456 404 3509 inDanubium'
423 3453 472 3516 (de
492 3468 615 3506 convers.
635 3457 774 3506 Carautan.
793 3456 807 3504 l.
827 3456 842 3508 Ι.
862 3469 887 3517 p.
907 3455 1020 3518 Llllllll)
1039 3454 1084 3504 eir.
1102 3466 1199 3504 versus

192 3546 287 3596 Paulini
306 3543 471 3592 Patriarehaa
486 3544 644 3607 aquileiens.
666 3541 824 3606 „(Herious)
837 3543 967 3593 Barbaras
986 3546 1077 3607 gentes
1098 3543 1200 3592 domuit

191 3634 361 3684 saevissimas
386 3632 465 3694 cingit
488 3644 554 3694 quas
579 3633 698 3693 Drauva,
725 3632 838 3682 recludit
859 3628 1021 3682 Danubius¹'.
1065 3630 1200 3694 (Bouquat

190 3720 287 3772 raeueii
307 3719 356 3768 des
375 3718 516 3768 historiens
535 3719 583 3768 des
603 3720 697 3769 Gaules
716 3721 747 3780 V,
767 3717 842 3781 stt).

260 3809 286 3870 t)
322 3804 446 3859 Monaehi
463 3806 573 3869 Sangall.
590 3809 666 3868 gesta
683 3807 767 3856 Karoli
785 3807 814 3867 ll,
837 3808 877 3855 11.
900 3803 989 3869 (Parta
1009 3805 1054 3856 SS.
1076 3806 1106 3869 li,
1127 3803 1200 3867 iot).

190 3898 312 3949 Einhardi
331 3910 392 3946 ann.
411 3897 470 3954 818,
491 3897 551 3954 827,
573 3896 632 3943 828.

265 3987 289 4045 t)
325 3984 404 4034 Dedit
426 3981 577 4030 Ludovieus
605 3996 652 4032 rex
672 3983 805 4043 Priviuae,
830 3981 944 4032 Choziiis
973 3983 1040 4046 patri
1064 3983 1199 4044 „aliquam

192 4071 320 4124 interioris
340 4071 489 4121 Pannoniae
509 4070 535 4117 in
556 4068 714 4120 beneficium
732 4074 836 4134 partem
855 4071 925 4121 cirea
942 4070 1066 4132 fluvium,
1095 4070 1138 4133 qui
1156 4069 1201 4119 di-

192 4163 259 4212 eitur
278 4161 340 4211 Sala
361 4158 487 4219 (Szatal·¹
513 4154 557 4222 (de
579 4171 702 4208 convers.
724 4159 827 4208 Carent.
845 4171 871 4221 p.
888 4157 1010 4222 lxxiv).
1056 4155 1086 4208 ln
1111 4158 1202 4207 charta

194 4250 309 4313 quadam
335 4245 400 4311 (Pez
424 4247 588 4311 Thesauri,
611 4251 635 4310 a,
654 4245 722 4310 217)
748 4245 838 4297 Chozil
861 4250 946 4298 terras
975 4247 1070 4312 „juna
1089 4256 1201 4307 amnem,
