2796 4958
660 672 734 735 121

192 850 236 923 (c.
260 842 385 922 XXXII).
427 844 602 910 llemcratu
626 845 721 911 eriam
746 843 841 931 dignu
864 856 937 909 suut
957 843 1064 921 verba,
1089 844 1204 932 quihus

193 949 237 1016 de
261 949 468 1017 oboedientia
492 970 599 1037 papae
622 949 729 1018 debita
755 953 944 1017 sententiam
974 972 1063 1017 suam
1096 963 1204 1037 patres

192 1056 354 1143 aperiunt:
383 1057 434 1134 „ln
459 1058 645 1124 memoriam
668 1059 707 1122 sti
732 1058 813 1124 Petri
835 1057 984 1143 apostoli,
1008 1057 1202 1124 honoremus

191 1175 339 1229 sanctam
369 1163 541 1229 Romanam
573 1174 605 1229 et
640 1163 849 1251 apostolicam
884 1162 1013 1239 sedem,
1051 1176 1085 1230 ut
1118 1185 1204 1252 quae

191 1267 288 1336 nobis
319 1267 530 1336 sacerdotalis
559 1283 661 1337 muter
692 1282 741 1336 est
773 1270 945 1356 dignitatis,
979 1289 1054 1335 esse
1084 1269 1203 1337 dehent

192 1374 348 1462 magistra
362 1374 610 1442 ecclesiasticae
639 1377 777 1442 rationis.
830 1376 937 1453 Quare
967 1373 1125 1441 servanda
1155 1387 1204 1441 est

193 1501 269 1546 cnm
292 1481 534 1548 mansuetudine
559 1481 723 1558 humilitas,
746 1493 779 1547 ut
803 1482 877 1547 licet
899 1482 947 1546 rix
971 1481 1136 1547 serendum
1161 1481 1202 1547 ab

196 1585 249 1652 illa
271 1599 383 1653 sancta
407 1589 488 1656 sede
515 1591 693 1676 imponatur
711 1588 838 1674 jugum,
868 1588 1069 1653 conferamus
1097 1599 1129 1653 et
1151 1588 1204 1674 pia

200 1692 371 1760 devotione
394 1695 591 1761 toleremus”
612 1696 651 1780 (c.
669 1693 773 1780 XXX):
795 1696 937 1781 Longum
962 1705 1011 1760 est
1033 1715 1139 1783 neque
1155 1693 1204 1760 ad

198 1801 398 1887 propositum
419 1812 560 1868 nostrum
582 1799 675 1867 nobis
696 1802 931 1879 necessarium,
959 1801 1063 1867 omnin
1088 1821 1127 1866 ea
1142 1822 1206 1869 ‚ex-

197 1926 322 1993 ponere
344 1905 476 1973 decreta
499 1906 675 1998 synodalia,
697 1907 859 1974 Triburiae
881 1907 977 1982 lacta,
1002 1907 1117 1994 quihus
1141 1905 1205 1973 dis-

196 2011 313 2099 ciplina
337 2012 525 2078 clericorum
550 2029 582 2080 et
605 2013 834 2080 monachorum
864 2014 1083 2080 restitueretur
1112 2026 1143 2079 et
1175 2016 1205 2078 in

197 2117 298 2184 laicos
317 2117 432 2184 delicta
448 2121 682 2186 committentes
701 2119 1013 2196 animadverteretur,
1032 2138 1103 2183 cnm
1123 2119 1206 2186 haec

197 2244 263 2290 non
292 2235 355 2291 tam
387 2223 429 2292 ad
452 2226 613 2294 historiam
644 2227 805 2314 politicam
835 2247 929 2314 quam
954 2223 1206 2290 ecclesiasticam

198 2342 356 2418 spectent.
414 2332 681 2421 subscripserunt
710 2345 816 2399 autem
845 2330 957 2397 edictis
988 2330 1112 2397 concilii
1140 2331 1206 2395 Tri-

198 2435 372 2516 buriensiS,
394 2438 426 2502 in
450 2460 514 2527 quo
538 2441 658 2528 Regino
682 2440 787 2527 viginti
810 2459 880 2510 sex,
911 2438 1048 2523 scriptor
1070 2437 1207 2504 Fulden·

200 2542 246 2607 sis
269 2543 375 2630 viginti
400 2556 525 2632 septem
551 2548 724 2634 episcopos
748 2544 927 2612 interfuisse
953 2543 1038 2621 dicit,
1061 2545 1206 2621 Hattone,

200 2648 401 2725 llerimunno,
425 2652 571 2720 liathodo
597 2652 847 2742 archiepiscopis
874 2648 1139 2735 praesidentibus,
1162 2652 1206 2714 vi·

200 2757 276 2842 ginti
301 2756 365 2822 duo
389 2758 533 2845 episcopi
553 2760 645 2826 tutius
666 2760 854 2826 Germaniae
870 2776 909 2822 ac
922 2755 1146 2842 Lotharingiae
1165 2791 1205 2806 -

292 2861 412 2927 Eodem
444 2863 516 2930 loco
547 2865 762 2931 controversia
788 2865 868 2929 inter
890 2862 1089 2948 hdalgarium
1114 2861 1207 2924 llam-

201 2965 396 3055 hurgensem
428 2981 460 3034 et
488 2970 711 3036 Herimannum
740 2969 962 3036 Coloniensem
992 2966 1208 3053 archiepisco·

203 3094 264 3160 pos
281 3073 404 3162 jamdiu
428 3078 552 3162 agitata,
576 3089 699 3165 patrum
716 3076 837 3163 judicio
853 3077 1030 3164 disceptata
1047 3088 1106 3140 est.
1137 3075 1206 3140 Ete-

202 3180 266 3244 nim
289 3200 362 3246 cum
386 3181 664 3271 archiepiscopatu
683 3183 914 3271 hamburgensi
937 3206 955 3249 a
978 3184 1035 3248 Sto
1056 3180 1209 3245 huscario

204 3285 339 3372 primum
362 3287 588 3367 administrato,
612 3289 740 3379 synodo
764 3310 791 3356 a.
810 3291 877 3357 stt
893 3288 1078 3374 llaguntiaci
1102 3285 1208 3352 hahita

202 3393 411 3479 episcopatus
430 3396 608 3462 Bremensis
626 3396 870 3485 archiepiscopo
889 3393 1109 3481 vAgrippinensi
1133 3389 1210 3456 suh·

202 3498 306 3586 jectus
330 3520 369 3566 ac
393 3511 466 3566 tunc
489 3515 619 3588 pastore
641 3524 776 3579 vacuus,
801 3502 987 3588 conjunctus
1010 3509 1092 3573 erat,
1123 3495 1209 3562 unde

204 3619 398 3692 augerentur
447 3608 486 3672 illi
529 3628 583 3674 res
626 3608 880 3675 etiamtumvalde
929 3605 1026 3670 exiles
1047 3607 1086 3684 ¹).
1154 3603 1211 3669 Cui

206 3711 338 3778 decreto
363 3713 551 3780 Gnnthurius
583 3716 843 3803 archiepiscopus
861 3713 1063 3780 'Coloniensis
1083 3732 1120 3775 a.
1144 3711 1212 3774 851

204 3817 236 3882 in
265 3818 400 3884 concilio
431 3839 539 3886 curam
564 3821 725 3888 Ludovico
757 3834 789 3888 et
811 3821 958 3887 Lothario
981 3817 1112 3904 regibus
1137 3819 1213 3881 Bor·

205 3923 369 4012 betomagi
384 3940 580 4012 congregato
594 3926 646 3993 diu
666 3930 780 3996 acriter
793 3948 975 4018 repugnans
993 3923 1030 4010 ²),
1049 3935 1215 4009 postremo

206 4051 243 4096 se
268 4044 331 4097 tum
356 4052 560 4099 assensurum
585 4054 659 4102 esse
683 4026 835 4123 promisit,
857 4054 931 4100 cum
955 4050 1038 4118 papa
1062 4027 1094 4095 id
1113 4039 1216 4097 ratum

205 4145 406 4158 -u——fi

176 4258 178 4262 ‚
280 4201 305 4258 ll
340 4203 398 4251 Vita
420 4204 455 4252 st.
475 4205 591 4256 huscarii
610 4219 634 4254 c.
654 4209 685 4254 Ξῖ
706 4205 790 4263 (Porlz
809 4204 853 4253 SS.
874 4203 904 4262 ll,
928 4202 998 4261 7⁰6).

280 4269 306 4336 a)
343 4272 378 4323 lb.
398 4287 421 4324 c,
443 4279 483 4324 2³.
503 4275 538 4339 (p.
558 4281 627 4336 tut).
