2782 4950
550 662 600 727 85

70 834 145 899 ciam
181 834 260 898 satis
295 832 535 920 exprimendam
560 832 584 911 ¹)
619 852 658 900 ae
692 854 765 899 cum
802 853 925 903 summa
960 837 1073 902 astutia

69 941 158 1005 etiam
184 937 353 1025 perfidiam
378 939 628 1025 conjungebant,
659 938 773 1026 quibus
797 941 891 1005 nimia
913 943 1071 1026 pamulae

67 1046 215 1111 aviditate
247 1044 337 1110 uictis
364 1056 475 1110 sancta
504 1044 649 1132 lrangerc
674 1044 805 1111 foedera
828 1066 891 1111 non
921 1059 990 1113 erat
1012 1070 1071 1115 no·

67 1157 133 1216 vum
156 1151 196 1237 ¹).
242 1151 429 1216 pernicitate
445 1161 550 1216 autem
570 1170 733 1238 equomm,
757 1171 880 1216 summa
904 1153 933 1216 in
957 1155 1068 1220 castris

65 1258 229 1344 rigdantia,
252 1257 373 1343 sagittis
398 1277 437 1322 ex
462 1257 644 1343 equovelut
666 1255 767 1320 imbre
791 1255 923 1334 emissis,
948 1260 1067 1327 insidiis

64 1363 266 1429 callidissime
288 1365 422 1442 structis,
446 1362 519 1448 laga
535 1362 687 1439 simulata,
712 1382 752 1426 ex
775 1382 837 1448 qua
855 1361 998 1429 hostibus
1021 1365 1065 1430 el·

63 1469 127 1535 lusa
152 1467 424 1557 persequentibus
455 1467 497 1533 ad
521 1465 772 1555 aggrediendum
804 1466 909 1534 donna
934 1470 1065 1536 transie-

63 1573 150 1653 bant,
181 1573 320 1638 maxima
342 1573 504 1660 pugnandi
527 1573 763 1660 perseverantia
794 1571 940 1645 omnibus
964 1576 1064 1641 natio-

62 1679 150 1747 nibus
172 1679 270 1745 valde
294 1691 383 1745 erant
406 1678 601 1746 formidolosi
620 1679 656 1763 ⁸),
679 1679 801 1744 urbium
819 1678 916 1746 modo
938 1664 1063 1769 oppug⁴

61 1785 236 1850 nandarnm
262 1786 335 1851 artis
360 1785 467 1872 ignari,
497 1805 577 1872 quas
602 1785 685 1850 lame
708 1785 811 1871 potius
836 1804 953 1871 capere
977 1787 1062 1853 sola-

41 1890 133 1966 bant
156 1891 194 1976 ‘).
242 1893 385 1968 Quorum
408 1892 568 1978 praesenti
581 1892 712 1978 patriae,
736 1912 831 1979 quam
853 1891 984 1957 Romani
1007 1893 1062 1959 ali-

60 1996 188 2084 quando
214 1997 344 2062 Daciam
369 2007 400 2062 et
422 1996 615 2062 Pannoniam
640 1996 852 2073 nominabant,
883 2009 957 2062 tnnc
981 2010 1061 2063 tem·

60 2104 143 2187 poris
170 2114 236 2193 tres
253 2103 426 2190 praecipue
438 2103 582 2168 nationes
596 2103 773 2190 imperasse
789 2101 949 2167 videntur:
973 2124 1061 2168 mon-

60 2210 155 2275 tuosis
179 2209 443 2299 Traussylvaniae
466 2208 649 2296 regionibus
673 2228 711 2273 ex
724 2209 864 2273 Nestoris
880 2209 1059 2273 testimonio
1114 2205 1116 2209 ’

60 2314 176 2381 Wlachi
197 2314 233 2402 ⁸),
256 2327 397 2382 veterum
410 2315 569 2380 Dacorum
591 2334 663 2380 cum
677 2313 796 2380 colonis
811 2313 957 2378 llomanis
971 2334 1060 2406 coms

61 2423 225 2487 mixtorum
256 2421 389 2506 posteri,
420 2422 471 2507 qui
497 2421 675 2485 etiamnunc
700 2418 741 2484 ibi
765 2418 947 2506 frequenter
972 2418 1058 2485 babi-

60 2538 135 2606 tant,
165 2524 316 2614 partibus⁴
334 2523 492 2592 occidenti
523 2525 632 2613 pronis
661 2525 736 2590 inde
759 2545 778 2590 a
801 2526 897 2592 Matra
925 2526 1005 2590 saltu
1027 2539 1059 2591 et

60 2631 201 2698 Danubio
224 2629 319 2698 duvia
342 2633 467 2710 Morari,
489 2642 596 2696 terrae
620 2631 699 2696 inter
716 2643 881 2719 utrumque
906 2632 1057 2718 populum

61 2738 132 2803 sitae
164 2759 206 2804 ex
235 2759 352 2826 magna
371 2747 470 2825 parte
494 2736 617 2822 bulgari
639 2733 680 2820 ⁶),
713 2741 793 2804 sicut
816 2737 997 2802 Oelszlerus
1027 2749 1058 2802 et

122 2917 150 2989 1)
179 2925 240 2988 Reg.
259 2926 274 2974 l.
292 2926 307 2975 l.
325 2925 455 2976 Carnibus
473 2926 611 2989 siquidem,
632 2923 662 2975 ul
677 2923 745 2974 sama
762 2927 812 2985 est,
832 2923 922 2974 crudis
942 2936 1057 2974 vescun-

63 3013 102 3072 tur,
122 3015 280 3077 sanguiuem
299 3000 399 3074 abunt,
419 3009 502 3063 corda
520 3013 654 3062 hominum
673 3024 741 3076 quos
761 3013 867 3075 capiunt
884 3011 1057 3074 particulatim

64 3098 203 3151 dividentes
222 3101 302 3150 veluti
323 3114 372 3163 pro
390 3102 507 3151 remedio
526 3101 664 3151 devorant.
699 3095 945 3162 Luitpr.Ant.1,13
966 3099 1056 3160 „Hun-

64 3192 144 3249 ssarior.
170 3191 292 3252 gentem,
317 3188 456 3252 cupidam,
484 3189 627 3250 audacem,
650 3189 837 3249 omnipotentis
861 3186 907 3235 Dei
930 3188 1056 3250 ignaram,

65 3275 184 3325 scelerum
204 3278 322 3326 omnium
340 3289 393 3326 non
414 3279 536 3339 insciam,
565 3276 655 3326 caedis
675 3278 701 3325 et
719 3277 870 3338 rapinarum
889 3274 1055 3324 solummodo

64 3363 177 3412 avidam'.
196 3387 229 3398 -—
475 3400 478 3406 .

124 3448 151 3512 Ξ)
187 3451 242 3500 teo
261 3450 275 3513 ξ
291 3455 322 3500 ts
342 3465 368 3514 p.
381 3455 430 3503 289
452 3453 600 3520 „naplapyc
618 3449 646 3503 di
665 3451 714 3501 aiot
730 3447 760 3501 ad
779 3447 829 3501 miv
842 3446 966 3517 Τοῦρκων
984 3444 1055 3515 piria

64 3536 99 3588 aet
114 3537 261 3607 κρύπτοντα
278 3534 322 3613 triu
339 3536 435 3606 pentir
453 3536 549 3600 αὐτῶν,
574 3537 657 3606 ἄφιλα
678 3536 707 3588 δὲ
731 3536 778 3589 καὶ
795 3535 888 3589 ἄπιστα
906 3536 984 3599 ὄντα,
1007 3533 1056 3588 καὶ
1086 3547 1092 3556 ·

62 3624 99 3675 διὰ
114 3625 156 3692 τῆς
173 3621 312 3692 dationis
328 3626 378 3677 τῶν
397 3626 539 3696 χρημάτων
556 3623 732 3698 κρατούμενα,
758 3623 840 3695 ὅρκοι
865 3621 1056 3694 περιφρονῶσι,

62 3710 115 3777 pite
136 3710 268 3776 ξννθῆκας
283 3711 449 3781 φυλάττοντα,
478 3711 540 3781 prim
557 3712 652 3782 δώροις
670 3711 835 3782 ι’ρκοῦιιινα,
863 3708 930 3764 ἀλλὰ
948 3713 1012 3785 πρὶν
1028 3708 1054 3764 td

61 3799 136 3853 δοθὲν
157 3800 265 3861 δέξαντα
281 3799 420 3869 ἐπιβουλὴν
436 3799 576 3867 polonien
592 3800 639 3852 arai
658 3793 808 3871 duomantala
828 3796 879 3853 τῶν
897 3797 1055 3863 συιθηκῶν”.

82 3924 85 3929 1
125 3888 155 3951 ι)
194 3890 255 3953 neg.
273 3894 336 3952 aaa
365 3894 431 3941 ann.
446 3889 517 3939 Fato.
536 3895 602 3952 aaa,
628 3890 682 3940 teo
700 3886 716 3957 5
736 3894 779 3950 aa,
800 3880 842 3949 ia,
864 3893 906 3951 ta,
926 3891 967 3940 aa.

125 3974 154 4042 t)
188 3973 396 4041 Leo§61.(p.
416 3976 541 4040 292.)-

124 4064 150 4123 a)
186 4066 303 4116 Nestor's
323 4066 438 4115 Chronik
457 4066 499 4116 ed.
519 4062 647 4117 Scblbzar
663 4065 704 4124 lll,
727 4068 785 4123 tut,
806 4064 896 4124 l1,8t.
919 4086 951 4096 -
1051 4078 1053 4082 ·

124 4145 150 4216 a)
188 4153 305 4203 Oelszler
321 4154 387 4203 iiber
405 4155 453 4204 das
473 4153 575 4218 angebl.
595 4153 773 4204 Verhaeltniss
792 4152 817 4201 d.
837 4151 911 4200 oestl.
933 4147 1055 4200 Graenz-

50 4240 162 4300 provinz
181 4254 205 4303 p.
228 4244 268 4303 tt,
287 4241 423 4293 Scbaiarik
445 4243 509 4293 slav.
531 4243 683 4293 Altertbiim.
702 4240 732 4304 ll,
757 4238 915 4289 tlt-tta.
