2796 4958
210 821 340 892 tradere
362 834 547 913 potuerant,
577 843 757 913 anonymus
779 837 890 894 noster
913 839 1020 894 tamen
1046 827 1160 894 mirum
1186 826 1217 893 in

209 930 340 998 modum
368 931 638 997 accuratissimam
661 932 801 999 omnium
819 933 1030 1021 certaminum
1060 933 1218 1001 narratio-

96 1031 99 1037 ’
209 1057 285 1104 nem
313 1036 407 1104 nobis
436 1035 570 1124 reliquit.
627 1038 730 1115 Quam
760 1041 859 1128 Pray,
890 1040 1022 1117 Katona,
1057 1037 1216 1126 Engelius,

209 1142 383 1221 Fesslerus,
405 1141 541 1232 llaylath
572 1141 622 1209 alii
644 1143 726 1211 sicut
746 1145 872 1212 unicam
901 1163 1006 1231 paene
1028 1144 1146 1211 veteris
1169 1143 1217 1210 hi·

208 1249 327 1317 storias
351 1247 526 1334 Ungaricae
548 1268 693 1315 normam
715 1250 851 1340 sequuti,
876 1250 908 1317 id
927 1262 1047 1318 tantum
1069 1248 1100 1315 in
1125 1267 1216 1316 com·

208 1352 451 1422 mentationibus
475 1353 541 1420 suis
565 1366 707 1441 egerunt,
730 1369 765 1424 ut
779 1367 959 1424 ceterarum
971 1355 1111 1444 gentium
1134 1356 1215 1422 scri-

207 1471 317 1548 ptores
340 1459 484 1526 volentes
502 1460 652 1528 ‘nolentes
676 1484 749 1530 cunr
765 1462 828 1532 hoc
847 1461 1030 1531 consentire
1047 1471 1212 1550 cogerent

208 1567 429 1635 Verumtamen
459 1587 654 1658 anonymum
685 1588 758 1636 cum
789 1568 857 1635 eliis
884 1565 1068 1637 auctoribus
1102 1565 1213 1635 conle-
1257 1578 1260 1583 ’

206 1670 285 1739 renti
309 1680 356 1737 tot
383 1685 553 1740 occurrent
583 1673 811 1751 dubitationes,
841 1695 974 1767 quarum
998 1673 1078 1741 inira
1099 1673 1132 1740 in
1154 1667 1212 1762 ap·

206 1776 348 1866 pendice
371 1778 520 1846 nonnulla
544 1777 675 1848 afferam
700 1779 855 1868 exempla,
886 1790 920 1846 ut
942 1780 972 1846 in
995 1776 1113 1857 rebus,¹
1133 1797 1212 1866 qua·

205 1903 275 1950 rum
300 1880 371 1946 nulli
395 1882 444 1949 alii
471 1896 544 1952 sunt
567 1896 680 1965 testes,
711 1906 840 1955 omnem
867 1883 967 1952 fidem
989 1885 1019 1950 ei
1048 1882 1212 1972 abrogare

205 1989 255 2057 vix
279 1997 482 2056 cuncteturus
506 1989 553 2056 sit
598 1991 673 2071 Sed,
694 1990 782 2061 dicet
803 1991 939 2060 fortasse
954 1988 1075 2080 aliquis,
1099 1990 1211 2058 etiam·

175 2183 180 2191 .
204 2095 231 2161 si
254 2095 284 2161 iu
307 2094 437 2183 singulis
460 2095 589 2183 proeliis
614 2095 820 2185 explicandis,
843 2108 955 2165 auctor
977 2095 1081 2163 multis
1103 2095 1136 2162 in
1160 2116 1210 2164 er·

202 2200 328 2269 roribus
356 2213 551 2282 versaretur,
581 2205 729 2271 universa
757 2214 862 2270 tamen
886 2201 1062 2289 Ungaricae
1093 2203 1211 2271 invasi-

203 2310 272 2375 onis
296 2307 374 2375 ratio
398 2318 430 2374 et
453 2309 638 2397 progressio
662 2320 751 2376 recte
779 2328 820 2375 ex
843 2327 883 2374 eo
909 2308 1062 2395 cognosci
1086 2320 1209 2396 posset

201 2414 363 2482 Casselius
387 2435 490 2501 nuper
511 2416 553 2482 de
577 2415 725 2504 anonymi
742 2414 849 2502 operis
866 2412 998 2480 consilio
1021 2414 1120 2481 multa
1144 2413 1209 2481 dis·

201 2531 331 2608 putans,
361 2520 394 2586 id
425 2521 454 2588 ei
483 2521 657 2609 praecipue
688 2521 887 2608 propositum
919 2518 1017 2586 luisse
1047 2519 1209 2587 existima·

200 2625 244 2692 vit
264 2631 298 2712 ¹),
320 2637 353 2693 ut
376 2628 572 2715 Ungarorum
597 2627 801 2714 irruptionem
826 2624 997 2693 obnullam
1011 2625 1106 2693 aliam
1130 2645 1207 2692 cau·

200 2752 269 2798 sam
300 2733 416 2802 iactam
445 2753 520 2800 csse
549 2744 800 2821 argumentetur,
830 2752 926 2821 quarn
956 2729 1045 2820 quod
1076 2731 1206 2820 legitimi

200 2834 269 2926 ejus
299 2850 402 2906 terrae
432 2840 562 2907 fuissent
590 2859 810 2926 possessores.
859 2837 916 2904 Cui
944 2836 1084 2924 opinioni
1109 2837 1205 2905 Belus

199 2946 353 3023 notarius,
383 2947 451 3013 reri
479 2945 606 3011 minime
634 2946 743 3011 anxius
767 2944 987 3032 investigator,
1018 2963 1086 3032 per·
1101 2952 1202 3009 totum

197 3048 311 3115 librum
335 3071 426 3116 suum
449 3062 514 3117 tam
542 3051 745 3137 pertinaciter
767 3049 984 3134 adhaerescit,
1013 3060 1048 3115 ut
1070 3069 1135 3117 non
1158 3048 1204 3116 hi·

196 3155 326 3222 storiam
350 3156 590 3244 expugnationis
614 3156 779 3244 cujusdam
801 3155 860 3222 sed
881 3174 989 3222 rerum
1021 3154 1202 3222 mutationis

195 3258 305 3349 legere
328 3260 514 3341 credamus,
544 3262 693 3350 quoniam
722 3262 835 3330 civium
865 3273 951 3328 sorte
981 3261 1083 3328 nullas
1111 3261 1202 3327 vices

194 3379 387 3455 peragente,
419 3388 526 3435 rerum
555 3378 673 3434 tantum
703 3367 848 3456 regimen
876 3365 918 3432 ab
943 3388 1007 3434 uno
1039 3365 1082 3432 ad
1105 3365 1201 3432 alium

194 3473 351 3539 transierit
374 3473 545 3553 dominum,
569 3483 602 3538 et
624 3471 665 3540 ab
689 3471 905 3561 nonlegitimo
929 3469 1061 3559 quidem
1085 3470 1128 3537 ud
1151 3471 1199 3538 le-

192 3577 343 3663 gitimum.
390 3578 468 3646 Cum
491 3577 669 3666 principum
694 3577 839 3644 militibus
870 3575 1073 3644 solummodo
1097 3597 1117 3642 a
1139 3597 1200 3644 nc·

192 3680 239 3748 vis
262 3683 403 3763 advenis,
426 3704 465 3751 ex
479 3683 547 3769 ejus
560 3683 749 3763 narratione,
774 3682 959 3770 confligitur,
982 3683 1058 3750 dum
1082 3701 1197 3748 omnes

191 3796 296 3856 terrae
327 3789 450 3857 incolae
473 3787 546 3854 nihil
576 3788 732 3877 antiquius
756 3789 888 3868 habent,
917 3808 1013 3877 quam
1036 3798 1070 3853 ut
1092 3787 1197 3874 pristi-

190 3912 303 3959 norum
326 3916 438 3982 regum
459 3914 589 3960 suorum
612 3895 751 3982 posteris
773 3917 868 3986 quam
892 3895 1059 3962 celerrime
1083 3911 1121 3958 se
1144 3913 1197 3958 su-

189 4017 307 4086 osque,
328 3999 495 4087 subjiciant
534 3999 636 4087 iisque
671 4019 767 4067 omne
799 4002 1015 4090 adjumentum
1050 3995 1194 4067 afferant

186 4102 343 4188 Arpadius
379 4107 465 4193 ipse,
499 4105 643 4195 quamvis
673 4117 804 4193 gentem
835 4109 876 4175 ab
908 4108 998 4176 Attila
1032 4103 1196 4195 quondam

188 4205 388 4222 *-

257 4252 281 4313 tl
317 4256 367 4310 tt.
386 4272 413 4325 p.
434 4263 475 4311 st.
