2796 4958
660 660 736 733 130

190 848 244 905 tus
271 841 319 919 ¹).
340 837 499 905 seditione
521 839 620 918 iacta,
644 839 840 924 Stephanum
865 840 893 900 in
918 836 1041 901 vincuia
1064 837 1202 923 conjecit

191 963 239 1010 ac·
256 964 333 1025 mur
353 945 383 1010 iu
406 963 540 1010 carcere
562 945 765 1032 strangulavit
789 950 828 1020 ²).
864 944 949 1006 Tunc
968 943 997 1006 in
1017 941 1201 1027 pontificatu

192 1050 354 1117 Romanus
377 1072 437 1138 per
458 1072 522 1117 non
547 1049 658 1137 plenos
684 1060 832 1137 quattuor
855 1068 983 1114 menses
999 1050 1155 1114 suecessit
1173 1049 1200 1133 ⁸)

191 1169 339 1244 ac-pust
372 1175 446 1221 eum
477 1154 664 1224 Theodorus
691 1156 716 1219 11
738 1153 907 1221 Novembri
937 1153 1062 1219 circiter
1089 1175 1202 1222 meuse

192 1282 222 1329 a.
243 1255 328 1341 897,
351 1262 405 1350 qui
428 1260 471 1328 ad
495 1260 658 1328 dissidium
682 1261 841 1328 ecclesiae
867 1259 1124 1346 componendum
1148 1282 1203 1349 sy·

192 1366 283 1435 nodo
306 1388 418 1435 ornnes
442 1368 577 1434 clericos
600 1389 619 1434 a
641 1367 803 1454 Stephano
826 1381 967 1432 remotos
996 1365 1025 1429 in
1055 1366 1202 1452 pristinas

193 1473 365 1562 dignitates
392 1475 524 1543 restituit
548 1475 755 1560 Formosique
786 1471 924 1537 cadaver
947 1471 1064 1538 tumulo
1094 1471 1203 1538 reddi·

196 1579 243 1646 dit
266 1581 302 1664 ⁴).
340 1581 412 1658 Quo
437 1592 510 1666 post
533 1581 600 1646 dies
623 1580 729 1666 uiginti
753 1589 885 1651 mortuo,
909 1575 1045 1644 factione
1067 1576 1204 1645 adversa

195 1684 328 1774 Sergius
350 1686 538 1777 presbyter,
569 1686 620 1753 cui
641 1684 831 1750 Adalbertus
853 1683 986 1748 Tusciae
1011 1682 1074 1748 dux
1097 1684 1204 1771 impri-

197 1791 259 1856 mis
279 1788 383 1856 iautor
402 1804 471 1858 erat
490 1793 533 1874 ⁸),
557 1793 586 1859 in
610 1791 723 1858 sedem
747 1789 955 1879 apostolicam
981 1788 1102 1855 eiectus
1125 1810 1204 1877 pau-

197 1896 246 1962 cis
269 1895 432 1963 mensibus
455 1909 543 1985 post,
571 1898 663 1964 iunio
686 1898 772 1964 circa
795 1916 821 1962 a.
845 1893 1064 1961 aestuarunt
1089 1898 1125 1962 tx
1149 1918 1204 1965 ce·

198 2001 279 2068 dere
302 2013 434 2069 coactus
458 2017 507 2070 est
525 2004 561 2091 ⁶).
600 2005 660 2082 Qui
682 2005 787 2070 statim
811 2002 939 2092 synodo
964 2005 1104 2069 Romana
1128 2026 1204 2072 eon·

199 2120 332 2196 gregata
356 2110 399 2194 ')‚
428 2113 535 2187 omnia
557 2111 708 2198 Stephani
737 2123 809 2176 acta
837 2108 981 2186 rescidit,
1013 2109 1144 2176 sceleris
1175 2113 1204 2176 in

199 2217 386 2282 Formosum
416 2215 548 2283 admissi
571 2218 729 2283 ministros
757 2216 870 2302 poenis
894 2214 1119 2281 ecciesiasticis
1148 2237 1206 2304 pu-

200 2319 283 2400 nivit,
307 2322 441 2411 ejusque
462 2325 648 2390 memoriam
664 2323 692 2386 in
711 2322 874 2408 pristinum
894 2322 1026 2386 restituit
1042 2319 1204 2391 bonorem.

200 2426 291 2494 Adeo
314 2439 421 2495 tamen
444 2431 530 2517 regis
554 2433 745 2496 Francorum
778 2429 806 2494 in
831 2428 915 2494 italia
945 2429 1116 2494 auctoritas
1150 2430 1206 2496 im-

201 2534 320 2600 minuta
342 2535 391 2601 vel
416 2537 519 2621 potins
543 2537 666 2603 sublata
690 2544 774 2613 crat,
803 2547 836 2600 ut
860 2534 945 2601 idem
969 2555 1067 2623 papa.
1096 2557 1206 2624 quam-

200 2642 249 2706 vis
273 2661 325 2706 res
349 2661 367 2707 a
390 2644 545 2708 Formosu
569 2655 678 2729 gestas
704 2642 870 2730 probaret,
900 2642 1100 2717 „unctionem
1123 2642 1206 2709 iiiam

200 2745 402 2813 barbaricam
426 2747 579 2832 (ornulfi),
604 2766 689 2837 quae
719 2768 778 2834 per
805 2747 1038 2832 surreptionem
1070 2749 1207 2813 extorta”

203 2868 300 2926 esset,
324 2853 417 2940 piane
440 2853 564 2920 tolleret
581 2854 617 2935 ⁰),
640 2865 672 2919 et
694 2873 766 2918 cum
784 2850 954 2918 Lamberto
978 2851 1114 2916 amicitia
1131 2871 1208 2918 con-

200 2959 336 3046 junctus,
360 2960 429 3046 ejus
450 2960 635 3047 adjumento
653 2959 769 3026 ltaliam
789 2957 830 3023 ab
851 2958 1023 3023 alienorum
1047 2958 1207 3024 hominurn

203 3065 340 3151 imperio
363 3086 495 3152 prorsus
517 3056 655 3132 aveiiere
679 3077 712 3131 et
735 3064 880 3147 suijuris
903 3064 1012 3130 facere
1032 3077 1209 3141 conaretur,

205 3169 477 3258 quemadmodum
512 3171 670 3239 Jobannes
700 3173 758 3239 Vbi
795 3168 956 3260 quondam
993 3171 1104 3237 Bosoni
1140 3172 1210 3238 snio

205 3296 340 3364 reguum
374 3278 513 3345 italicum
553 3299 742 3366 comparare
785 3276 959 3343 studuerat.
1023 3275 1211 3342 Larnbertus

207 3384 292 3449 enim
323 3383 439 3451 ducatu
468 3397 603 3473 paterno
628 3382 905 3474 Widoniltradito,
930 3383 1099 3470 jamnon,
1130 3382 1211 3448 siout

282 3638 307 3708 t)
343 3644 448 3706 Liudpr.
469 3645 487 3706 i,
510 3648 550 3695 31.
805 3690 807 3693 .

281 3730 307 3792 2)
343 3732 474 3782 Fiodoard
494 3733 527 3783 de
546 3733 618 3781 Rom.
637 3732 709 3792 pont.
728 3729 831 3790 (Murat
846 3721 890 3788 111,
909 3731 932 3788 3,
954 3726 1021 3788 313),
1045 3729 1147 3778 Beronii
1165 3744 1213 3780 an·

209 3819 259 3869 nai.
284 3816 335 3883 (ed.
353 3820 465 3870 Lueens.
482 3834 507 3882 p.
527 3820 588 3880 333)
614 3819 732 3881 epitaph.
750 3817 878 3881 Stephani
897 3828 912 3863 a
930 3815 1019 3879 Sergio
1043 3817 1214 3881 descriptum.

284 3902 309 3972 3)
345 3907 534 3972 ramessen.
556 3913 614 3958 333.
1190 3949 1192 3953 ,

285 3996 309 4057 1)
344 3996 481 4046 Flodourd.
501 4009 526 4057 p.
549 3999 608 4054 313,
635 3995 749 4045 Auxitius
770 4009 796 4059 p.
817 3998 862 4055 tu;
891 3991 988 4041 concii.
1015 3994 1122 4045 Roman.
1152 3995 1168 4045 1.
1191 3997 1215 4060 t,

211 4080 324 4134 Aiberici
342 4085 426 4133 cirron
453 4098 476 4133 a.
496 4089 546 4133 333
566 4079 664 4146 (Leibn.
687 4095 790 4134 access.
807 4084 865 4133 bist.
886 4079 916 4140 ii,
936 4080 1005 4139 313).

199 4201 210 4223 ,ι
284 4166 310 4236 b)
350 4170 421 4221 biud.
440 4172 456 4226 1.
479 4175 520 4220 33.
593 4165 619 4234 b)
652 4167 795 4234 tafftnrg.
817 4184 843 4232 p.
864 4171 925 4229 331,
947 4171 1006 4216 331.

284 4261 310 4318 t)
348 4256 431 4310 Monoi
450 4259 608 4316 xvim-m
630 4270 687 4320 sqq.
760 4258 798 4318 a),
821 4259 855 4307 ib.
874 4269 932 4306 can.
951 4255 992 4304 11.
