2796 4958
193 847 247 913 dat
270 868 400 921 annum,
431 845 554 912 silentio
576 847 709 911 transire
733 866 877 932 possum,
907 846 950 912 eb
972 846 1040 912 aliis
1064 860 1196 913 mortem

192 951 363 1038 Mengoldi,
394 952 445 1039 qui
469 963 544 1038 post
566 972 618 1016 res
643 952 709 1017 illas
732 974 791 1040 per
814 964 940 1038 septem
964 972 1064 1018 annos
1088 955 1198 1040 poeni-

193 1062 320 1124 tentiam
345 1060 418 1146 egit,
442 1079 524 1122 anno
549 1058 614 1123 909
639 1059 830 1146 assignatam
855 1079 938 1123 esse.
984 1059 1069 1124 llaec
1094 1080 1198 1146 pauca

191 1165 347 1232 sufficient
370 1163 411 1231 ad
436 1163 704 1251 persuadendum,
726 1186 779 1231 res
804 1185 917 1231 omnes
939 1186 957 1229 a
976 1181 1099 1254 matyre
1122 1187 1197 1232 nos-

192 1285 239 1338 tro
264 1284 388 1359 gestas,
419 1291 490 1336 cum
516 1271 741 1358 chronologiae
765 1291 896 1358 prorsus
921 1283 1113 1358 repugnent,
1138 1293 1196 1358 pro

191 1377 419 1444 commenticiis
451 1396 524 1442 esse
555 1375 730 1442 habendas.
790 1375 882 1442 Adde
913 1376 1000 1464 quod
1031 1390 1096 1443 tota
1126 1399 1198 1442 nat·-

192 1484 280 1550 randi
304 1485 393 1561 ratio,
417 1503 435 1547 a
457 1482 614 1549 verisimili
638 1481 731 1548 valde
755 1481 931 1548 abhorrens
953 1483 1112 1548 stultitiam
1130 1505 1196 1549 mo-

190 1588 283 1654 nachi
307 1589 437 1675 alicujus
460 1587 594 1663 redolet,
618 1589 671 1675 qui
695 1588 808 1654 frustra
832 1587 923 1676 nugis
946 1588 1012 1654 suis
1033 1589 1100 1653 veri
1123 1580 1198 1675 spe·

191 1695 273 1761 ciem
298 1695 375 1760 dare
400 1694 531 1761 enititur.
567 1694 667 1782 Fingit
682 1694 781 1782 igitur,
805 1706 839 1760 ut
858 1694 1039 1781 exemplum
1057 1693 1197 1771 afferam,

192 1801 401 1876 liethardum,
427 1801 479 1887 qui
505 1813 637 1871 matrem
662 1801 747 1888 pede
767 1814 980 1887 percusserat,
1005 1799 1197 1868 allichardo

192 1918 257 1979 toto
290 1908 429 1974 exercitu
460 1907 562 1974 hostili
587 1908 649 1974 hoc
671 1918 838 1996 spectante
863 1928 969 1995 neque
994 1906 1197 1993 impediente,

191 2013 412 2079 obtruncatum
437 2034 519 2088 esse,
542 2014 593 2100 qui
619 2023 652 2078 nt
674 2033 789 2079 omues
805 2012 950 2079 homines
975 2032 1024 2089 eo,
1048 2027 1198 2098 parentes

192 2118 300 2184 colere
317 2118 486 2199 discerent,
512 2117 629 2205 pedem
647 2119 716 2207 ejus
740 2117 962 2188 abscissurum
981 2120 1081 2207 janua
1096 2118 1201 2186 eccle·

191 2227 257 2290 siae
274 2225 484 2312 suspenderit.
517 2225 677 2312 Ejusmodi
692 2225 796 2292 omnia
815 2226 895 2299 sunl,
915 2245 998 2312 quae
1012 2225 1197 2294 referuntur.

282 2335 442 2408 Attamen,
471 2352 511 2397 ne
535 2331 656 2397 auctori
679 2344 804 2410 nostro,
826 2328 880 2418 ¹qui
905 2330 990 2417 ipse,
1014 2352 1050 2398 se
1073 2333 1198 2410 lamam,

194 2439 293 2526 qualis
318 2459 335 2507 a
368 2437 539 2524 majoribus
565 2436 677 2504 tradita
701 2450 804 2513 esset,
827 2437 928 2503 solam
953 2437 1132 2504 reddidisse
1156 2439 1202 2505 la-

192 2559 280 2622 tetur,
307 2544 462 2610 mendacii
483 2542 638 2609 maculam
663 2565 842 2632 aspergam,
868 2565 950 2631 quae
974 2544 1067 2610 totius
1091 2565 1199 2611 narra-

191 2651 282 2716 tionis
307 2650 398 2716 luerit
421 2650 520 2737 origo,
544 2652 720 2739 explicabo.
760 2651 835 2715 Vixit
858 2649 917 2717 sult
935 2648 1094 2717 ludovico
1120 2649 1199 2716 Ger·

193 2756 317 2821 manico
347 2768 379 2820 et
401 2755 527 2822 druullo
560 2779 637 2846 rege
662 2756 889 2843 llegingaudus
919 2756 1047 2844 quidam
1078 2775 1199 2840 comes,

192 2865 243 2950 qui
276 2861 369 2929 etiam
393 2861 589 2950 Manigoldus
617 2875 751 2930 vocatur
769 2863 811 2947 1),
850 2862 942 2950 pagis
974 2860 1199 2949 Lotberingieis

191 2967 429 3035 lleineleldensi
446 2972 477 3046 ²)
502 2980 534 3035 et
558 2967 765 3037 Wirmacensi
787 2969 814 3054 ³)
838 2968 1032 3054 praelectus,
1055 2989 1157 3055 nepos
1183 2969 1198 3037 i.

191 3097 218 3141 e.
244 3076 500 3160 consanguineus
517 3075 639 3142 Odunis
662 3075 748 3161 regis
766 3075 918 3141 Francius
937 3074 1144 3141 occidentalis
1161 3075 1198 3162 ι).

191 3183 256 3259 llic,
279 3179 403 3246 Giselae
429 3181 557 3246 maritus
582 3189 626 3260 ⁸),
658 3200 730 3247 cum
755 3200 785 3245 a.
808 3179 874 3247 892
906 3180 946 3246 ab
971 3178 1117 3245 Alberico
1142 3199 1197 3246 co-

190 3287 265 3352 mite
289 3306 308 3350 e
332 3283 439 3351 medio
463 3284 603 3352 sublatus
628 3299 715 3353 esset
737 3287 779 3370 ⁶),
811 3307 926 3371 magna
956 3295 1025 3352 orta
1046 3295 1096 3351 est
1119 3286 1199 3352 inter

192 3392 408 3476 Lothartngios
433 3391 610 3468 discordia,
635 3414 730 3479 quam
754 3390 864 3457 nescio
888 3413 927 3456 an
952 3390 1120 3457 sedaturus
1145 3397 1199 3456 Ar·-

190 3497 291 3562 nullus
316 3515 343 3560 a.
368 3496 433 3560 893
459 3499 585 3563 ineunte
607 3501 638 3575 ²)
660 3497 741 3562 hanc
768 3498 962 3583 provinciam
987 3497 1199 3583 perlustrare-

190 3606 238 3670 rit.
272 3599 437 3669 albericus.
459 3616 570 3670 autem
585 3602 633 3668 ille
656 3601 889 3690 aldegingaudi
904 3603 1015 3670 amicis
1032 3603 1101 3689 ipse
1123 3624 1198 3689 pus·

190 3723 243 3774 tea
266 3706 394 3772 occisus
419 3706 522 3790 es10l.
576 3709 629 3773 Vix
653 3709 745 3794 igitur
776 3705 860 3774 aliud
885 3707 1046 3795 quidpiam
1068 3729 1106 3774 ex
1132 3719 1197 3775 tota

192 3816 236 3882 St.
258 3810 417 3898 lllengoldi
448 3812 510 3878 vita
539 3810 604 3880 fide
633 3811 761 3898 dignum
787 3825 930 3879 remanet
952 3825 1049 3900 utque
1072 3815 1199 3881 nomina

191 3927 392 3939 -ae

265 3975 289 4034 t)
326 3973 466 4026 Flodoerd·
484 3975 547 4027 [list.
566 3974 654 4026 Rham.
673 3975 714 4036 lv,
736 3979 759 4027 t.
847 3970 873 4036 2)
911 3975 1072 4027 Marteneel
1091 3976 1200 4030 [iurand

191 4045 253 4092 Coll.
274 4045 348 4106 ampl.
361 4044 377 4099 1,
393 4048 442 4093 223
463 4041 592 4108 (Bohmer
606 4043 697 4106 1029).
770 4045 794 4102 9)
816 4044 885 4107 inp.
899 4049 947 4095 1⁸8
966 4045 1062 4095 charta
1075 4047 1196 4100 liererici.

266 4116 288 4170 t)
327 4116 384 4178 Reg.
396 4119 456 4164 892.
528 4119 557 4176 5)
578 4113 700 4168 Miraoule
717 4117 754 4165 st.
774 4115 922 4179 Walburgis
941 4111 1056 4179 (Altss.
1074 4119 1109 4168 ed
1128 4121 1197 4170 diem

191 4184 264 4234 XXV.
285 4184 357 4233 Febr.
377 4199 411 4235 m.
430 4200 454 4248 p.
474 4186 547 4252 stt).

264 4251 290 4320 6)
328 4255 455 4318 Rogmoi.
529 4259 553 4317 t)
590 4257 625 4317 ih.
640 4261 702 4319 893,
716 4258 780 4306 Arm.
796 4254 938 4307 Fulmina.
1011 4256 1037 4326 8)
1065 4258 1199 4322 Reptst.
