2796 4958
194 754 392 820 humanitatis
428 755 652 841 impenderet“
677 759 709 843 ¹).
759 756 938 836 Quomodo
972 767 1059 824 tanta
1092 778 1212 828 rerum

196 860 332 929 mutatio.
346 872 411 930 tum
433 862 712 949 exiguoftemporis
728 863 831 948 spatio
848 862 931 931 effici
946 863 1093 950 potnerit,
1114 885 1211 932 nunc

194 967 373 1032 accuratius
395 966 647 1054 investigandum
672 978 729 1038 est.
776 968 902 1037 Arnulfo
933 968 1063 1059 quidem
1085 969 1208 1040 Sueto-

194 1072 331 1158 piuoum,
355 1091 494 1158 quocum
519 1093 559 1138 ex
581 1093 666 1141 anno
687 1073 755 1149 885
778 1074 808 1138 in
825 1094 908 1160 pace
924 1085 993 1140 erat
1015 1073 1209 1160 opitulatum

194 1198 276 1255 esse,
298 1177 386 1262 cujus
407 1177 518 1245 auxilia
539 1178 599 1244 sub
620 1179 669 1252 iiia
690 1200 804 1258 „manu
821 1178 925 1245 valida
942 1180 1142 1263 (Noricorum
1162 1180 1212 1266 et)

192 1283 395 1350 Seianorum*
415 1282 669 1369 intelligerentur,
687 1303 799 1351 comes
818 1283 862 1350 de
878 1287 1006 1351 Boenau
1028 1284 1063 1370 ²),
1087 1284 1207 1352 Palae*

193 1392 276 1477 kyns
300 1390 327 1472 ³)
351 1387 401 1453 alii
426 1388 646 1475 conjecemut,
676 1390 879 1476 aGagernio
902 1397 932 1468 ⁴)
963 1391 1039 1460 satis
1063 1390 1204 1469 refutati,

194 1497 388 1569 Carantonus
418 1494 547 1583 saepius
575 1494 708 1561 suavos
738 1506 771 1567 et
794 1494 985 1561 Cariniiiam
1007 1494 1206 1564 Sclaviniam

192 1599 385 1667 nominatam
410 1618 483 1664 esse
514 1598 762 1672 demonstrante.
808 1599 903 1684 Quod
926 1599 1092 1673 Carantani
1124 1599 1206 1668 duci

192 1726 252 1772 suo
277 1703 465 1797 ¹domestico
496 1727 593 1792 opem
623 1705 707 1771 serre
737 1707 969 1791 paratiorem,
995 1705 1124 1776 minime
1151 1718 1206 1773 est

194 1809 380 1887 mirandum,
405 1809 514 1873 anari
538 1821 642 1880 autem
668 1822 700 1877 ct
720 1809 781 1897 ipsi
795 1811 931 1890 ArnnliO,
954 1811 1040 1898 regis
1064 1811 1113 1879 sui
1138 1811 1204 1890 Ca-

193 1915 368 1987 rolomanni
391 1912 464 1993 fiio,
489 1915 541 2006 qui
563 1915 649 1983 idern
673 1914 830 1987 interdum
852 1938 925 1994 „rex
945 1917 1152 1990 Noricornm“
1176 1916 1206 2003 ³)
1245 1959 1248 1962 -

194 2036 333 2098 vocatur,
357 2021 494 2088 maxime
517 2022 599 2090 inter
615 2042 727 2088 omnes
741 2021 931 2088 Germaniae
948 2034 1061 2109 gentes
1079 2021 1204 2096 [arnse

195 2130 353 2206 videntur,
386 2127 476 2212 cujus
506 2125 576 2193 fitis
605 2127 708 2194 nothis
732 2138 847 2213 postea
869 2126 953 2199 hand
979 2126 1031 2194 diu
1061 2129 1206 2197 cunctati

189 2239 241 2324 ins
265 2232 479 2310 successionis
511 2233 791 2317 concedebant).
838 2236 999 2308 Attamen,
1031 2231 1105 2299 dum
1130 2233 1206 2320 epi

192 2361 312 2426 scopos
345 2337 494 2403 anariae
524 2357 636 2403 omnes
668 2338 735 2411 sere
766 2358 837 2403 uum
868 2357 952 2409 novo
978 2356 1057 2424 rege
1087 2336 1203 2405 iacere

193 2447 360 2519 cernimus
391 2442 444 2528 qui
468 2461 507 2508 ex
531 2443 567 2507 iis
592 2445 765 2538 praecipue
790 2440 985 2514 consiliarios
1008 2441 1068 2512 sihi
1093 2441 1203 2528 elegit,

191 2555 272 2619 inter
292 2549 425 2616 comites
448 2546 540 2633 hujus
564 2548 751 2640 provinciae
770 2546 940 2616 factionem
964 2544 1124 2644 quandam
1155 2546 1202 2612 itu

191 2657 361 2724 adversam
394 2652 507 2730 fuisse,
541 2673 624 2745 qnae
653 2674 680 2724 a,
712 2653 776 2717 880
804 2651 1009 2719 Ludowicnm
1033 2650 1200 2738 juniorem

190 2763 369 2850 adjuverat,
403 2757 749 2845 posteriores-docent
777 2757 950 2831 seditiones
984 2755 1027 2835 ibi
1056 2768 1201 2831 exortae.

190 2873 338 2935 Fortasse
362 2862 550 2949 Hildigardis
574 2884 711 2957 qnoque,
734 2863 797 2933 filia
818 2860 980 2927 Ludowici
1004 2862 1048 2938 iii,
1079 2860 1200 2946 „cujus

191 2974 325 3039 inanime
363 2967 547 3041 molimine“
584 2969 794 3044 Herimannns
832 2965 998 3055 Aegiensis
1033 2965 1200 3041 Amulium

192 3117 391 3135 ,μμ-...α

190 3202 220 3248 ut
238 3197 317 3246 etiarn
336 3190 447 3241 ministri
465 3189 498 3240 ab
518 3202 551 3247 oo
570 3188 672 3252 deiecti,
693 3188 743 3249 snb
763 3175 841 3245 celeri
852 3173 1024 3257 ¹festinatione
1044 3185 1078 3244 ad
1097 3175 1199 3238 trunt-

191 3285 244 3336 ium
263 3294 353 3346 regem
372 3291 402 3328 so
416 3277 556 3340 junxerint.
573 3300 607 3349 ·.
746 3260 752 3266 ’

262 3375 290 3432 i)
326 3369 423 3432 Regino
444 3379 466 3415 a.
486 3369 544 3416 sai.
602 3402 605 3412 .

261 3458 291 3519 a)
326 3457 418 3509 Βϋυαυ
437 3454 566 3506 deutsoho
584 3453 695 3504 Kaiser-
713 3449 768 3508 und
786 3436 1010 3508 Roichsssflisturie
1029 3449 1070 3512 iv,
1089 3463 1116 3517 p.
1134 3455 1178 3500 tiit.

257 3546 282 3606 a)
318 3542 412 3593 Gesoh.
431 3555 456 3602 ν,
477 3542 612 3600 Boohmon
631 3541 651 3616 1,
672 3540 730 3597 tta,
757 3611 761 3617 ᾗ

264 3634 289 3693 t)
324 3632 424 3694 Gagern
449 3631 502 3683 vita
526 3631 587 3680 Aru.
608 3631 670 3690 imp.
692 3640 718 3689 p.
738 3631 769 3675 55
794 3639 819 3684 n.
842 3623 875 3674 ci.
898 3623 965 3675 Anu.
988 3625 1060 3683 suia,
1086 3637 1108 3673 e.
1134 3628 1197 3675 877.

189 3723 362 3775 carlmannus
381 3731 442 3771 cum
461 3731 541 3770 manu
559 3715 647 3768 valida
666 3715 820 3766 Noricorum
843 3713 1063 3777 diversorumque
1081 3711 1195 3762 Sciavo-

188 3824 247 3862 rum
268 3804 366 3858 italiam
383 3807 535 3872 ingreditur.
549 3827 586 3839 —-
1065 3862 1066 3867 ἵ

259 3898 285 3958 t)
321 3897 435 3954 Foicuini
452 3897 528 3960 gesta
546 3890 633 3942 abbat.
652 3890 820 3954 Lobionsium
838 3904 861 3940 c.
876 3893 916 3939 ti.
934 3883 1023 3952 (Perta
1034 3888 1077 3936 SS.
1090 3887 1131 3948 iv,
1146 3887 1195 3949 itt)

188 3988 234 4039 cir.
252 3986 358 4036 Amoid.
381 3985 417 4035 do
434 3985 471 4037 st
490 3981 684 4032 Emmerammo
712 3977 869 4042 „iirnnimm
895 4004 926 4015 -
950 3977 1035 4037 primo
1060 3974 1195 4036 Baioariae

188 4077 283 4126 ducem
291 4073 307 4097 “
326 4069 414 4135 (Perti
433 4071 476 4118 SS.
495 4068 534 4126 Ν,
556 4060 631 4130 tiit).
653 4091 682 4104 -

259 4159 285 4225 6)
323 4155 598 4210 Anu.i·'uld.a.889.
