2796 4958
118 813 351 902 adjuvabantur
366 814 726 883 excommunicationem
739 810 845 881 minati
864 820 937 879 sunt
948 810 1029 897 (cau.
1041 810 1075 900 8)
1092 816 1127 900 Ι)
1226 814 1231 823 ’

117 922 285 1008 Permagni
308 932 416 989 autem
439 920 589 989 momenti
613 932 671 992 est.
695 917 783 1007 quod
804 917 949 1004 episcopi
965 917 1125 989 bominum

117 1026 319 1114 plebejorum
350 1027 531 1097 utilitatibus
564 1025 785 1113 providentes,
810 1034 843 1090 ut
866 1023 914 1097 his
937 1023 1037 1091 libero
1060 1029 1125 1097 suis

116 1133 241 1220 legibus
271 1134 314 1201 uti
343 1133 455 1201 liceret
485 1144 517 1199 et
544 1134 647 1205 omnis
677 1133 787 1220 injuria
811 1129 1049 1218 propulsaretur
1070 1153 1125 1201 oa-

115 1250 230 1306 verunt
250 1246 337 1318 (ean.
362 1241 407 1320 5).
449 1241 561 1327 Neque
591 1240 616 1307 si
647 1250 744 1306 totam
770 1236 873 1304 ltaliae
901 1236 1125 1309 condicionem

114 1345 167 1414 illo
187 1361 332 1433 tempore
351 1345 457 1415 animo
477 1346 661 1434 rationeque
680 1345 856 1421 lustremus,
881 1341 1027 1414 dubitare
1049 1367 1125 1432 pos-

115 1473 244 1530 sumus,
272 1453 349 1540 quio
373 1452 567 1519 immunitate
590 1451 758 1518 multorum
783 1448 925 1516 locorum
950 1465 983 1515 et
1001 1452 1124 1538 juribus

114 1558 266 1625 comitum
296 1558 461 1646 permultis
492 1559 654 1647 episeopis
686 1557 715 1625 in
746 1557 810 1625 suis
841 1555 1018 1625 civitatibus
1048 1578 1126 1627 coo»

117 1664 222 1731 cessis
245 1664 275 1733 iu
296 1664 356 1733 bac
378 1664 500 1750 imperii
523 1665 707 1733 Carolorum
733 1676 822 1750 parte
847 1663 948 1749 magis
972 1684 1068 1750 quam
1092 1668 1122 1739 in

116 1776 255 1837 caeteris
277 1770 382 1841 clerus
404 1773 592 1841 auctoritate
617 1771 761 1844 valuerit:
793 1768 1002 1857 quamobrem
1027 1771 1123 1843 urbes

114 1875 240 1945 Italicae
258 1875 515 1949 emanantibus
530 1889 640 1943 rectae
664 1877 783 1964 primae
809 1887 923 1963 postea
946 1876 1123 1949 libertatem

114 1993 285 2051 assecutae
308 1992 343 2052 et
365 1994 475 2051 eontra
500 2003 610 2069 regum
634 1983 902 2068 impugnationem
927 1982 1023 2051 tuitae
1043 1997 1123 2055 sant.

115 2086 255 2155 widone
276 2088 371 2177 igitur
393 2089 435 2157 ita
458 2111 563 2154 rerum
592 2091 702 2175 potito,
725 2088 905 2174 Stephanus
930 2088 964 2152 Vl
988 2110 1072 2174 papa
1095 2114 1123 2163 a.

113 2193 182 2261 890
212 2194 408 2280 Suatoploco
445 2193 529 2262 duco
561 2193 755 2262 internuncia
793 2214 886 2269 usus,
921 2191 1057 2261 tortasse
1091 2209 1126 2265 ut

113 2299 197 2369 haec
220 2320 274 2369 res
298 2301 401 2387 magis
425 2300 546 2378 lateret,
572 2300 615 2367 ab
641 2298 768 2367 droulio
794 2300 915 2385 rogavit
938 2300 974 2384 ²),
996 2311 1031 2365 ut
1053 2322 1126 2388 rag-

115 2429 191 2473 oum
231 2427 276 2486 „a
307 2406 397 2473 malis
438 2407 615 2475 christianis
653 2416 687 2470 et
723 2405 955 2473 imminentibus
991 2408 1123 2495 paganis

115 2523 276 2599 ereptum,
307 2511 351 2579 ad
380 2533 472 2579 suum
505 2534 587 2600 opus
616 2512 839 2599 restringendo
870 2511 1054 2598 dignaretur
1076 2526 1124 2583 te-

113 2624 219 2684 nere.“
254 2618 326 2697 Qua
345 2618 388 2687 de
408 2641 444 2687 re
468 2620 560 2695 mirlti,
586 2639 658 2687 eum
678 2619 761 2687 idem
780 2640 864 2707 papa
884 2618 925 2685 ad
941 2620 1121 2702 Falconem,

113 2744 151 2790 se
176 2722 343 2793 Widonem
368 2727 468 2805 „unici
493 2726 564 2794 loco
588 2727 658 2793 lilii‘
683 2737 793 2793 tenere
817 2725 1000 2812 scripsisset
1022 2727 1058 2810 ³),
1082 2727 1124 2793 si-

114 2850 157 2896 ue
167 2830 253 2916 justa
267 2850 366 2899 causa
387 2832 617 2909 dubitaverunt,
640 2855 704 2903 non
725 2832 975 2908 considerantes,
998 2843 1032 2896 et
1051 2853 1123 2899 eom

116 2937 277 3003 Amulium
306 2958 438 3026 quoque
468 2938 582 3019 „lilium
610 2947 771 3009 nostrun1“
802 2957 920 3005 vocare
944 2938 971 3021 ⁴)
995 2949 1027 3003 et
1050 2941 1125 3007 For-

116 3063 241 3109 mosum
263 3043 333 3129 ejus
364 3064 606 3122 successorem,
636 3046 712 3113 dum
740 3043 782 3111 de
806 3044 977 3111 Lamberto
1007 3046 1124 3132 „patris

113 3167 280 3213 securam
305 3149 444 3217 habere“
476 3152 560 3219 omni
590 3153 828 3219 asseveratione
853 3150 989 3217 affirmat
1013 3152 1054 3237 ⁸),
1078 3153 1122 3217 vi·

115 3275 184 3318 ruru
221 3254 249 3319 ei
285 3254 534 3325 inimicissimum
568 3258 599 3324 in
631 3257 746 3325 ltaliam
777 3257 991 3324 arcessivisse.
1037 3259 1125 3344 Rege

115 3369 224 3427 nosue
278 3373 384 3429 autem
433 3376 565 3452 propter
608 3376 713 3431 motus
749 3363 981 3428 Alamannicus
1020 3383 1125 3450 papae

113 3464 267 3552 precibus
309 3490 374 3534 nou
410 3469 585 3550 obsonato,
634 3471 686 3536 bic
722 3490 750 3536 a.
780 3468 861 3544 801,
897 3467 951 3534 die
985 3469 1038 3536 21.
1069 3471 1126 3536 Fe-

115 3569 232 3637 bruarii
257 3595 295 3638 m
321 3573 445 3643 Widooi
465 3577 507 3662 ⁶).
537 3577 586 3643 oui
616 3577 716 3642 nullus
733 3575 800 3662 jam
825 3585 893 3640 erat
916 3573 1125 3655 adversarios,

186 3788 211 3849 l)
247 3789 287 3838 De
312 3788 405 3839 iisdem
431 3791 544 3855 loquitur
568 3792 647 3842 Wtdo
669 3792 694 3842 lu
720 3790 822 3855 legibus
847 3804 863 3841 a
890 3803 921 3842 se
947 3789 1126 3853 promulgatis,

114 3888 173 3940 cap.
195 3879 217 3925 1.
237 3875 327 3938 (Pertz
347 3878 422 3942 Legg.
442 3879 459 3940 l,
479 3879 554 3943 556).

190 3963 216 4023 Ξ)
254 3967 319 4014 Anu.
338 3965 417 4026 Folo,
437 3971 496 4016 890.
570 3965 600 4030 a)
636 3966 773 4017 Flodoavd.
793 3965 855 4015 illst.
876 3965 966 4019 Rheni.
985 3967 1024 4026 lV,
1047 3970 1069 4020 l.

191 4047 215 4114 l)
255 4053 365 4104 Erbard.
382 4054 494 4118 Regesta
513 4055 577 4106 Hist.
593 4056 712 4106 Westlal.
729 4055 746 4115 l,
767 4054 825 4105 cod.
843 4053 948 4116 diplom.
967 4068 992 4118 p.
1013 4058 1053 4105 at.

188 4139 215 4200 5)
250 4140 322 4190 Ftod.
340 4141 403 4191 Hist.
422 4143 510 4192 Rham.
529 4143 569 4202 lv,
591 4146 613 4191 3.
696 4155 704 4169 ,

190 4227 214 4286 6)
251 4229 487 4292 Boebmentato,
510 4233 587 4278 ΗΜ.

876 4310 923 4374 7*
