2796 4958
669 664 719 733 57

193 859 256 928 quo
280 861 299 906 e
324 840 479 927 „propriis
504 839 630 917 incolis,
655 860 736 928 quos
760 837 842 905 nulla
866 838 1090 906 dominationis
1114 841 1202 927 virga

192 945 389 1012 coercebat''
411 950 454 1024 ¹),
487 956 570 1013 terra
591 945 685 1012 valde
707 943 931 1025 afflictabatur,
963 947 1062 1014 altera
1078 965 1202 1013 eorum

191 1074 267 1140 pars
302 1036 482 1119 Saracenos
517 1053 671 1120 Fraxineti
707 1051 884 1118 habitantes
917 1065 1030 1120 contra
1069 1053 1202 1119 alteram

192 1158 361 1224 advocavit
384 1158 417 1242 ²).
472 1161 495 1222 Α
519 1156 634 1246 quibus
658 1177 732 1224 cum
755 1157 920 1225 Provincia
943 1179 1100 1225 summurn
1125 1179 1203 1226 con-

192 1264 333 1329 traheret
363 1264 529 1342 damnum,
564 1265 650 1352 regis
684 1264 780 1330 vidua
815 1284 887 1329 curn
920 1261 983 1330 filio
1014 1285 1041 1329 a.
1065 1266 1131 1331 887
1160 1264 1202 1332 ad

194 1370 340 1436 Carolum
364 1371 513 1437 Crassum
538 1369 782 1437 llirchheimium
810 1369 912 1443 venit,
946 1371 998 1456 qui
1024 1390 1098 1436 eum
1121 1370 1202 1449 „ho-

193 1475 325 1543 norifice
362 1476 403 1542 ad
424 1457 595 1542 ¹liominem
637 1474 713 1553 sibi,
760 1476 851 1562 quasi
887 1469 1072 1561 adoptivum
1106 1474 1202 1542 filium

195 1585 290 1651 etiam
306 1584 435 1670 injunxit
454 1588 493 1660 ⁸).
528 1579 594 1647 Sed
617 1593 785 1668 postquam
809 1581 919 1668 regina
943 1593 1039 1669 atque
1050 1581 1204 1669 episcopi,

196 1690 422 1775 imperatorem
461 1686 663 1754 incommoda
701 1687 881 1754 valetudine
911 1686 1102 1774 prohibitum
1130 1687 1225 1755 nulli

195 1794 255 1861 sibi
279 1795 461 1882 adjumento
485 1793 568 1871 lore,
598 1795 830 1881 cognoverunt,
862 1795 1049 1860 Bernoinum
1080 1796 1204 1862 archie-

195 1903 363 1989 piscopum
388 1901 596 1966 Viennensem
630 1902 762 1967 Rumam
793 1899 835 1966 ad
866 1901 1062 1988 Stephanum
1086 1901 1121 1966 vl
1148 1909 1224 1990 pass.

196 2029 271 2095 pam
288 2008 448 2085 miserunt,
464 2008 517 2094 qui
534 2006 635 2073 relata
652 2007 768 2072 misera
785 2005 984 2092 Burgundiae
1002 2007 1203 2087 condicione
1222 2075 1224 2079 ,

196 2113 256 2191 „ad
279 2114 440 2204 lacrymas
461 2134 564 2201 usque
581 2113 814 2200 compunctus”
838 2133 951 2179 omnes
972 2134 1082 2180 earum
1100 2117 1206 2202 regio·¹

198 2242 272 2285 num
298 2220 472 2307 episcopos
496 2218 637 2307 epistolis
661 2218 703 2284 ad
726 2216 920 2285 ludovicum
947 2218 1126 2306 eligendum
1151 2241 1205 2288 en⁴

199 2327 304 2391 citavit
321 2326 358 2411 ⁴).
417 2327 543 2392 Interea
577 2322 744 2403 liudolfus,
792 2323 991 2411 Burgundios
1030 2328 1204 2415 superioris

197 2453 263 2509 rex,
287 2454 326 2498 ex
348 2430 468 2497 finitimi
491 2431 578 2518 regni
603 2430 771 2498 discordiis
794 2431 946 2497 intestinis
970 2431 1056 2499 lucra
1075 2432 1204 2512 iaciens,

199 2551 289 2625 parte
319 2538 387 2626 ejus
418 2536 534 2624 potitus
564 2549 628 2617 est;
663 2538 744 2604 sicut
777 2537 861 2603 enim
897 2557 936 2603 en
969 2540 1205 2627 episcoporum,

199 2647 251 2734 qui
276 2649 434 2712 Bosonem
462 2656 651 2711 creaverant
679 2644 848 2731 provinciis
878 2644 976 2733 liquet
995 2651 1040 2723 ⁵),
1075 2646 1106 2711 in
1135 2646 1225 2733 ejus,

200 2751 318 2818 ditione
342 2751 479 2817 fuerant:
503 2751 679 2828 Provincia,
703 2748 924 2836 Delphinatus,
948 2749 1107 2816 orientalis
1131 2770 1206 2836 pars

201 2857 271 2943 ejus
294 2868 408 2931 terrae,
432 2877 524 2944 quae
540 2876 623 2924 nuno
645 2853 849 2943 Langued'oc
867 2867 1001 2920 vocatur
1019 2854 1060 2942 ⁸),
1084 2854 1225 2923 Saban-¹

201 2963 253 3028 dia
273 2962 313 3047 ⁷),
343 2963 505 3028 Helvetiae
530 2984 618 3050 pars,
649 2961 827 3049 Burgundia
856 2961 936 3047 (ise.
960 2966 1151 3048 Bourgogue
1175 2973 1224 3028 et·

200 3068 343 3134 Franche
379 3065 516 3153 Come),
552 3090 630 3156 ager
660 3068 880 3164 Lugdunensis
914 3067 1109 3159 (Lyonnois).
1164 3070 1206 3135 lin

202 3173 329 3263 quibus>
356 3184 471 3261 postea
506 3174 680 3243 Helvetium
717 3173 851 3243 liudolfo
893 3174 1072 3262 subjectam
1106 3175 1208 3241 cerni-

202 3299 400 3310 -ι--ο-μ-

275 3370 302 3435 1)
337 3372 465 3423 Ludovici
484 3375 554 3439 regis
574 3373 734 3424 Arelatensis
750 3375 844 3426 electio
864 3373 950 3437 (Perta
969 3373 1046 3437 Legg.
1059 3372 1077 3433 l,
1091 3369 1210 3434 558).-

273 3459 302 3523 2)
342 3461 438 3525 liutpr.
457 3463 515 3512 Aut.
534 3462 553 3523 1,
577 3466 591 3513 t
610 3463 755 3524 „Saeviunt
773 3464 875 3528 itaque,
895 3462 1083 3521 exterminant,
1104 3460 1138 3510 nil
1155 3473 1210 3511 ¹re-

201 3552 262 3615 liqui
280 3550 403 3601 laciunt.''
422 3549 467 3600 cir.
486 3550 607 3615 Bouquet
623 3551 667 3613 lli,
688 3554 746 3613 siti,
767 3565 791 3602 u.
813 3555 838 3601 o.
857 3550 908 3599 Res
927 3562 943 3598 a
960 3548 1122 3612 liutprando¹
1141 3560 1210 3600 nar·
1232 3535 1235 3539 ’

202 3643 274 3690 ratas
296 3639 330 3688 ad
348 3639 400 3689 boc
418 3641 524 3701 tempus
543 3637 609 3700 (887
624 3662 656 3674 —
671 3636 735 3701 890)
753 3637 907 3688 referendas
922 3649 992 3698 esse,
1011 3637 1110 3688 docent
1128 3639 1210 3695 verba

202 3728 337 3778 electionis
361 3741 420 3790 „ex
444 3741 496 3778 una
520 3731 595 3791 parte
613 3728 766 3778 Nortmenni
789 3724 885 3777 cuncta
908 3727 1015 3789 penitus
1037 3726 1211 3778 devastantes

203 3815 368 3874 insistebant.
396 3829 430 3866 ea
449 3817 497 3867 alia
515 3829 581 3867 vero
600 3815 726 3867 Saraceni
742 3815 905 3867 Provinciam
924 3815 1134 3879 depopulantes,
1153 3817 1213 3865 ter-

202 3917 261 3954 ram
278 3905 304 3953 iu
323 3903 490 3954 solitudinem
507 3902 689 3969 redigebam·

277 3988 308 4053 3)
344 3992 410 4043 dnn.
430 3992 509 4054 inid..
530 3997 579 4042 887
599 3993 663 4043 Pars
681 3991 711 4042 V.
729 4015 766 4027 -

279 4077 310 4142 t)
347 4080 473 4132 Ludovici
492 4082 585 4132 electio
604 4082 619 4130 l.
636 4081 653 4129 l.
730 4078 761 4141 t)
800 4079 876 4129 Perta
895 4079 972 4142 Legg.
992 4077 1012 4130 1.

275 4165 307 4230 u)
349 4169 390 4218 ‚ld
406 4170 476 4220 hano
488 4168 655 4233 pertinebant
667 4168 786 4230 episcopi
799 4162 1033 4217 avenionensis'e't
1043 4166 1214 4216 Ucetieensis.

275 4254 305 4318 i)
342 4256 383 4307 nd
394 4259 463 4308 hane
475 4259 595 4322 episcopi
606 4256 823 4319 Tarantasieusis,
840 4257 1060 4318 mauriennensis,
1067 4252 1215 4319 aquensis.
