2796 4958
669 652 721 719 na

192 825 305 904 misso,
336 827 450 891 iterum
478 846 563 892 nunc
587 828 686 892 virum
710 827 798 912 stirpi
820 826 918 912 regali
943 828 1198 915 neconsangui-

192 953 286 996 neum
322 932 372 997 vel
414 932 540 998 affinem
582 933 709 1021 quidem
751 942 942 996 coronantes
980 948 1198 999 exercuerunt.

191 1038 314 1103 Deinde
339 1037 512 1117 arnulfum,
544 1039 596 1126 qui
622 1039 694 1124 jure
718 1036 858 1125 quodam
888 1039 977 1125 regni
1002 1039 1095 1104 heres
1121 1055 1197 1118 erat,

193 1142 328 1208 maxime
352 1145 520 1228 optimates
550 1164 614 1209 non
646 1157 709 1209 tarn
740 1158 930 1210 creaverunt
956 1166 1053 1232 quam
1082 1145 1197 1211 confir-

192 1261 360 1324 mareium,
384 1247 531 1316 Odonem
552 1269 668 1316 novum
693 1250 853 1316 hominem
878 1253 1028 1338 imprimis
1052 1253 1196 1339 episcopi

191 1356 355 1420 sanctione
379 1355 517 1441 suajus,
542 1379 605 1445 quo
628 1356 848 1431 deficiebatur,
872 1357 1067 1442 supplentes,
1091 1358 1120 1423 in
1145 1380 1197 1425 so-

191 1459 264 1524 lium
296 1473 507 1546 provexerunt
568 1467 591 1527 Α
622 1463 803 1528 Gualtherin
835 1463 918 1526 enim
954 1456 1210 1550 archiepiscopo

192 1567 370 1631 Senoncnsi
392 1568 419 1629 in
432 1567 633 1654 Compendio
654 1568 770 1655 palatio
788 1579 900 1633 unctus
921 1568 955 1654 ¹),
976 1589 1092 1654 magna
1110 1569 1197 1634 clero

192 1670 268 1735 lecit
290 1674 448 1761 promissa
466 1673 508 1757 ²),
539 1695 576 1740 se
600 1674 755 1741 ecclesias
783 1684 921 1750 ,contra
946 1673 1198 1760 depraedatores

195 1789 227 1840 et
248 1787 480 1863 oppressores“
507 1779 719 1855 defensurum,
740 1779 812 1864 jura
834 1798 873 1844 uo
896 1777 1058 1867 privilegia
1076 1781 1197 1867 integra

191 1883 353 1961 tudunum,
383 1886 606 1971 possessiones
636 1906 746 1952 carum
775 1905 870 1973 quam
900 1886 1035 1951 manime
1067 1885 1200 1973 amplifi·

192 2002 333 2057 caturam
360 2013 442 2059 esse.
488 1993 604 2058 Similia
628 1992 756 2079 quidem
780 2001 888 2075 patras
911 1991 1098 2078 Mogontiaci
1123 2012 1200 2059 con·

192 2097 314 2183 gregati
344 2099 384 2163 ab
414 2099 821 2186 arnulfo-expostularunt,
858 2096 918 2162 sed
949 2119 1013 2163 non
1040 2111 1115 2162 ante
1145 2120 1199 2163 ve-

193 2224 263 2268 rum
285 2216 358 2288 post
381 2205 449 2291 ejus
472 2205 677 2280 electionem,
701 2222 764 2268 non
787 2201 959 2288 flagitando
983 2202 1042 2267 sed
1066 2205 1199 2281 orando,

192 2328 255 2373 nec
284 2331 360 2373 num
383 2311 451 2396 jam
479 2321 547 2376 tum
576 2308 743 2375 desideriis
774 2328 885 2374 eorum
915 2328 1082 2374 assensum
1106 2330 1200 2395 praa-

194 2414 311 2494 buerit,
335 2417 470 2495 senous,
499 2415 613 2504 quibus
636 2426 750 2502 postea
774 2413 902 2479 domum
927 2434 953 2479 a.
969 2414 1045 2480 2895
1069 2415 1099 2479 in
1122 2435 1198 2481 con·

194 2522 264 2588 cilio
288 2522 478 2588 Triburiensi
508 2543 631 2589 morem
661 2541 698 2586 se
721 2532 882 2607 gesturum
912 2540 987 2586 esse
1016 2523 1197 2606 spopondit

194 2629 305 2715 Neque
334 2628 438 2694 Odoni
467 2640 535 2695 tntu
567 2625 686 2715 populo
703 2626 929 2704 acclamante,
961 2625 1021 2692 sad
1053 2625 1150 2693 inodo
1179 2649 1197 2692 a

194 2734 330 2800 suctione
359 2734 499 2820 quadum
522 2732 671 2800 diadema
702 2734 882 2819 impositum
907 2753 996 2810 esse,
1026 2742 1198 2817 quactum

195 2841 225 2904 in
249 2840 309 2905 alia
330 2840 448 2905 Galliae
472 2849 563 2927 parte
587 2840 787 2917 acciderunt,
818 2839 894 2903 satis
919 2835 1064 2924 probant.
1120 2838 1198 2901 Nam

196 2944 314 3009 eodem
344 2945 411 3011 lere
441 2957 603 3031 tempore,
633 2967 696 3033 quo
726 2943 777 3010 ille
799 2964 856 3009 rex
879 2944 979 3008 lactus
1005 2951 1066 3018 est,
1098 2941 1199 3018 wido,

194 3050 275 3127 lilius
300 3050 441 3117 Widonis
465 3053 598 3119 senioris
618 3058 664 3132 ³),
688 3072 707 3117 e
732 3055 925 3116 Francorum
948 3067 1068 3133 genere
1092 3048 1198 3113 oriun-

196 3157 256 3222 dus
276 3161 306 3234 ⁴)
342 3169 373 3222 et
407 3177 480 3223 cum
511 3159 695 3225 Carolorum
730 3158 831 3244 stirpe¹
859 3156 970 3222 nescio
1005 3174 1069 3240 quo
1103 3154 1200 3221 modo

195 3263 396 3277 μ-

268 3297 292 3362 1)
328 3302 394 3353 nnn.
415 3298 479 3352 Ved.
500 3307 558 3354 888.

270 3389 295 3448 2)
333 3389 432 3438 Odunis
451 3392 522 3455 regis
543 3393 633 3442 electio
654 3393 737 3453 (Perta
756 3392 834 3456 Legg.
852 3390 872 3452 i,
892 3388 962 3450 litii).
982 3413 1014 3423 -

270 3473 294 3538 ³)
331 3476 512 3544 Erohempert.
529 3480 594 3532 Hist.
605 3480 769 3543 Langobard.
786 3485 827 3544 ³9,
843 3483 885 3540 58,
904 3479 957 3527 Leo
976 3475 1088 3524 ostiens.
1107 3473 1202 3524 chron.

197 3565 322 3637 Casini,
334 3569 384 3637 161,
404 3565 542 3617 Fludoard.
559 3567 624 3617 Hist.
642 3567 730 3618 Rhem.
750 3568 791 3628 iv,
811 3571 825 3615 1
851 3565 929 3615 Fulco
954 3561 1045 3614 scribit
1062 3561 1201 3614 Lamberto

196 3652 317 3702 Widunis
336 3652 400 3703 filiu:
430 3655 628 3716 „Recordamini
654 3667 754 3720 quaeso
778 3654 900 3703 avunculi
918 3653 1000 3703 vestri
1020 3653 1046 3700 et
1065 3652 1201 3714 aequivoci
1301 3652 1303 3656 '

195 3739 351 3790 Lamberti.“
370 3740 466 3790 Errant
484 3755 544 3793 ann.
564 3743 636 3793 Fuld.
657 3745 683 3792 et
701 3743 777 3805 liep,
796 3743 840 3806 qui
856 3744 960 3807 patrem
977 3740 1098 3791 Widonis
1113 3739 1202 3801 Junio-

197 3829 232 3879 ris
251 3828 419 3880 Lambertum
437 3826 519 3880 fuisse
538 3833 727 3882 existimarunt.
746 3853 781 3866 -

272 3912 296 3981 l)
334 3911 431 3969 Chron.
458 3918 496 3967 st.
520 3918 652 3971 Benedicti
677 3913 762 3986 (Periz
784 3915 834 3968 SS.
854 3917 894 3979 iv,
917 3913 991 3983 2⁰³),
1021 3915 1203 3978 Erchempert.

197 4015 221 4053 c.
242 4007 283 4064 17,
307 4004 447 4054 Widonem
471 4005 582 4070 ejusque
607 4009 680 4075 cives¹
704 4007 820 4058 Francos
847 4008 952 4056 vocant.
977 4005 1048 4055 Liud.
1070 4005 1164 4066 nntap.
1184 4004 1202 4064 1,

198 4095 239 4141 17.
264 4093 345 4155 Epist.
363 4093 475 4147 Johann.
493 4097 557 4159 vill,
578 4096 624 4144 No.
647 4099 695 4144 133
721 4091 814 4161 (Mansi
832 4094 898 4146 XVll
918 4107 944 4158 p.
967 4092 1036 4152 lto).
1066 4092 1204 4153 „Francos

197 4177 354 4230 Lamberli.“
378 4184 472 4247 Paneg.
496 4186 604 4247 Boreng.
624 4184 649 4232 L.
670 4185 687 4243 1,
710 4199 733 4234 v.
755 4188 815 4252 115,
839 4187 896 4246 tta,
918 4187 978 4246 229,
999 4177 1064 4240 2673
1085 4179 1111 4227 L.
1133 4179 1161 4226 ΙΙ.
1181 4192 1204 4227 v.

200 4271 241 4330 11,
261 4272 319 4331 rso,
337 4273 396 4331 111,
415 4275 474 4333 111,
488 4273 627 4334 111,111;
646 4274 671 4322 1,
686 4252 985 4335 titulamento,
999 4271 1057 4328 118,
1071 4271 1205 4327 15⁰‚2100
