2796 4958
790 644 874 712 Μ

329 820 360 886 in
385 818 578 884 Pannoniam
601 827 752 902 suscepta
776 814 892 882 absunt
912 813 948 901 λ),
971 814 1079 884 liberis
1093 827 1136 884 'et
1158 816 1342 886 mulieribus

330 945 442 992 eorum
473 942 545 989 oum
577 921 739 1009 praesidio
765 921 882 987 relictis
914 934 1049 1008 repente
1079 935 1341 1011 supervenerunt.

327 1033 406 1097 ‘lum
428 1029 618 1094 Patzinaoaa
639 1025 803 1101 omnibus,
825 1046 908 1114 quos
931 1029 1060 1116 assequi
1083 1039 1263 1116 potuerunt,
1291 1030 1340 1117 ju-

329 1135 451 1224 gulatis,
481 1132 573 1198 bonis
597 1151 708 1197 eorum
733 1132 821 1218 potiti
845 1145 962 1198 terram
986 1153 1005 1199 a
1027 1154 1065 1199 se
1088 1135 1262 1202 colendam
1284 1154 1340 1202 oo·

329 1248 541 1328 supererunt,
572 1237 614 1302 ita
644 1248 678 1302 ut
707 1257 818 1303 eorum
850 1237 948 1305 sedes
978 1259 1019 1304 ex
1046 1239 1099 1307 illo
1127 1252 1278 1328 tempore
1299 1238 1338 1307 ad

329 1349 536 1414 Durostorum
555 1363 656 1430 usque
674 1352 820 1430 paterent
838 1344 874 1428 ²).
906 1342 1052 1430 Engelius
1073 1345 1101 1431 ⁸)
1121 1346 1338 1433 conjecturam

328 1452 403 1518 lec-it
431 1447 699 1526 verisimillimam,
730 1449 855 1516 Siculos
887 1448 1080 1535 (Szelrler),
1111 1453 1163 1541 qui
1194 1455 1337 1542 quamvis

328 1579 402 1626 eum
417 1555 551 1642 Ungaris
574 1554 779 1621 familiaritate
800 1554 961 1641 conjuncti
983 1566 1017 1622 et
1039 1555 1099 1642 ipsi
1123 1557 1170 1624 rei
1194 1559 1336 1647 equestri

327 1663 464 1731 maxime
495 1681 628 1748 operam
658 1660 788 1740 darent,
821 1660 970 1748 regiones
1000 1672 1107 1728 tamen
1137 1682 1274 1750 asperas
1304 1675 1336 1730 et

326 1765 500 1856 equitando
514 1787 715 1854 nequaqnam
730 1764 866 1833 idoneas
881 1766 1068 1846 habitarent,
1091 1758 1242 1857 reliquias
1262 1789 1335 1837 esso

327 1877 525 1961 ngarorum
560 1872 682 1940 illorum
720 1871 762 1938 oh
792 1873 1030 1940 Patzinaoarum
1065 1885 1184 1946 matum
1220 1876 1335 1944 Trans·

326 1979 488 2072 sylvaniae
512 1990 637 2044 montes
665 1979 835 2066 ingressas.
879 1981 989 2067 ltaque
1013 1979 1129 2066 Ungari
1157 1979 1192 2046 in'
1211 1981 1335 2050 Panno·

325 2088 377 2157 nia
400 2095 573 2160 versantes,
597 2104 669 2151 cum
694 2094 806 2152 eontra
827 2086 1012 2152 Patzinaoas
1035 2086 1165 2173 saepius
1190 2087 1334 2174 ipsorum

324 2195 471 2261 victores
495 2188 647 2256 dimicare
676 2212 739 2258 non
769 2191 940 2269 auderent,
971 2211 1086 2259 novam
1115 2193 1251 2280 patriam
1275 2193 1334 2262 sibi

326 2300 423 2368 armis
450 2316 567 2383 parere
598 2319 662 2364 non
692 2318 752 2364 sua
774 2309 900 2385 sponte,
929 2297 988 2365 sad
1012 2299 1205 2365 necessitate
1228 2300 1332 2367 eoacti

325 2402 513 2492 coeperunt
559 2403 647 2469 Hane
675 2424 753 2471 vero
777 2405 913 2470 hostium
942 2403 1152 2482 invasionem,
1180 2425 1247 2471 non
1276 2408 1332 2472 Ar-

326 2511 409 2587 nulli,
432 2526 516 2596 quae
539 2504 661 2584 dieitur,
686 2508 897 2578 invitationem
921 2529 1052 2577 eausam
1075 2509 1113 2576 iis
1134 2508 1240 2575 solum
1262 2529 1333 2576 ver·

324 2616 411 2688 tendi
434 2614 541 2692 luisse,
563 2624 595 2678 et
618 2612 840 2683 Constantinus
871 2615 1033 2703 expressis
1063 2613 1171 2682 verbis
1197 2612 1332 2683 demon·

324 2736 402 2793 strat
419 2720 456 2808 ⁴),
480 2729 564 2784 etex
582 2738 624 2785 eo
644 2718 756 2799 elucet,
780 2721 866 2810 quod
882 2722 996 2789 Graeci
1011 2732 1125 2808 postea
1143 2718 1172 2806 ⁵)
1185 2722 1331 2809 Ungaros

323 2827 608 2899 utPatzinacarum
631 2836 746 2893 terram
770 2828 846 2915 ipsis
869 2839 1013 2914 ereptam
1037 2827 1133 2894 armis
1157 2846 1331 2916 reeupera-

324 2948 401 3017 rent,
424 2930 624 3020 persuadere
652 2940 866 3012 tentaverunt3
896 2933 959 3000 hoo
984 2943 1092 3001 autem
1123 2952 1183 3000 eos
1212 2932 1331 3000 lenisse

324 3064 386 3109 non
410 3035 580 3105 verisimile
604 3046 698 3117 esset,
722 3038 748 3105 si
771 3037 851 3106 ultro
873 3038 955 3107 illam
980 3040 1092 3127 Ungari
1116 3039 1329 3128 reliquissent

322 3159 524 3178 ,-,,,...-...

324 3292 342 3301 ,.
395 3259 419 3322 t)
455 3257 525 3308 lb.o
553 3259 601 3320 38,
629 3262 661 3309 39
691 3259 738 3318 „oi
760 3256 923 3320 aaronitae
950 3257 1017 3332 μετὰ
1040 3257 1085 3316 τοῦ
1108 3257 1222 3329 tumor
1245 3254 1331 3326 ἦλθον

321 3342 387 3403 λαιὰ
406 3341 459 3401 τῶν
478 3343 614 3417 tuturus,
633 3344 679 3400 καλ
696 3344 741 3402 τὰς
758 3345 844 3401 αὐτῶν
861 3350 990 3417 oruella:
1011 3347 1141 3405 παντελῶς
1159 3347 1329 3418 linirem,

320 3435 367 3488 eei
391 3429 444 3491 rotis
471 3433 505 3486 eis
527 3431 638 3501 φύλαξιν
662 3435 703 3498 τῆς
723 3433 815 3504 χώρας
838 3434 923 3488 αὐτῶν
948 3431 1065 3505 reiterat
1086 3436 1205 3495 anemio
1227 3453 1329 3494 ttam-

320 3520 410 3577 ednas
426 3517 599 3580 dusdmtust‘
619 3521 664 3572 clr.
683 3523 798 3588 Theoph.
818 3526 915 3576 contin.
938 3527 978 3591 vl,
999 3531 1023 3578 9.

391 3607 418 3675 a)
455 3609 601 3660 Constrde
621 3611 716 3664 admin.
733 3613 795 3674 imp.
814 3625 837 3662 o.
859 3615 900 3665 ta.
1100 3660 1104 3668 .

392 3699 416 3760 3)
456 3696 551 3746 Gesoh.
569 3696 619 3747 des
639 3698 797 3762 ungrlsuhen
816 3699 910 3751 Reiohs
929 3699 1020 3764 (Wlen
1041 3695 1126 3762 tart)
1144 3698 1163 3760 1,
1183 3701 1226 3751 tl.

392 3784 417 3846 t)
454 3798 478 3836 o.
497 3786 530 3834 ³7
550 3783 734 3848 (Patzinaoae)
760 3785 928 3853 „tapetium
948 3787 1086 3848 tertiatur
1107 3780 1199 3840 aitaris
1219 3784 1327 3850 (Ungu-

318 3869 378 3937 ros)
396 3869 443 3924 καὶ
460 3867 658 3934 κατεσκήνωσαν
672 3874 703 3924 lv
721 3871 783 3944 αὐτῇ
802 3875 851 3937 (su
867 3871 972 3947 χώρᾳ).

390 3958 415 4019 t)
452 3957 486 4006 ib.
505 3971 527 4008 e.
546 3962 569 4012 8.
609 3961 702 4024 Ungari
720 3962 887 4025 respondent
914 3965 1000 4027 legato
1019 3955 1242 4028 &eunomianis
1260 3960 1326 4027 used

317 4041 371 4102 τοὺς
388 4041 554 4106 Barbetium
574 4043 677 4104 {erroris
693 4045 725 4102 ori
742 4048 880 4116 βάλλομεν
907 4047 937 4103 οὔ
956 4045 1012 4120 γὰρ
1033 4047 1176 4117 δυνάμεθα
1201 4047 1327 4116 uulturio

316 4129 383 4210 noir
399 4129 498 4196 αὐτοὺς.
512 4129 551 4188 λιι
567 4134 614 4202 arui
626 4134 707 4209 χώρα
723 4135 828 4210 μεγάλη
845 4137 893 4192 καλ
903 4137 966 4197 λαός
981 4134 1058 4196 nolis
1073 4135 1120 4192 aul
1136 4131 1209 4191 aunei
1228 4135 1324 4191 natam

315 4220 404 4282 εἰσίω·
425 4221 470 4272 olr.
489 4235 511 4272 n
532 4225 573 4286 te,
593 4237 615 4274 u
636 4227 660 4276 8.
