2796 4958
677 621 727 684 la

201 816 291 882 grum
316 801 348 858 ct
369 791 524 878 grandem
548 791 717 880 pecuniam
749 810 821 858 cum
845 791 963 858 Frisiae
986 789 1104 856 ducatu
1129 807 1209 864 cona,

191 898 350 968 ‘cedendo
372 897 467 964 valde
491 897 732 986 ignominiosam
755 918 870 983 pacem
895 897 1092 986 composuit,
1115 893 1209 980 cujus

199 1025 318 1074 causae
341 1002 403 1070 hoc
426 1003 499 1069 loco
523 1024 586 1070 nou
617 1002 833 1090 explorandae
863 1017 936 1070 sunt
955 1002 990 1089 ¹).
1042 999 1209 1088 Expeditio

199 1133 277 1178 vero
300 1110 396 1189 haec,
427 1110 541 1177 Carolo
568 1108 610 1176 ab
634 1109 780 1176 omnibus
804 1120 987 1197 contempto
1006 1108 1048 1194 ²),
1078 1104 1207 1179 droullo

200 1229 273 1284 tunc
305 1216 439 1303 primum
466 1215 604 1303 gladium
635 1238 726 1282 suum
762 1217 793 1283 in
824 1217 918 1283 totius
948 1217 1095 1300 Europae
1128 1231 1209 1278 con-

200 1334 313 1412 spectu
341 1321 496 1408 sanguine
525 1343 723 1410 paganorum
751 1323 895 1410 tingenti,
930 1342 1078 1409 magnam
1108 1317 1209 1384 attulit

198 1450 308 1517 spem,
331 1427 433 1495 moltis
455 1427 519 1514 jam
544 1449 616 1494 eum
638 1429 749 1505 solum,
774 1430 824 1496 cui
848 1428 889 1496 ab
914 1440 1005 1495 atavo
1030 1425 1123 1491 totius
1146 1422 1208 1489 Ca-

198 1535 338 1603 rolorum
374 1534 478 1622 stirpis
517 1536 562 1601 St.
589 1536 716 1602 arnulfo
753 1535 909 1622 episcopo
939 1532 1085 1598 Mettensi
1119 1527 1207 1594 idem

198 1663 315 1708 nomeu
339 1640 519 1727 impositum
543 1653 611 1708 erat
633 1641 676 1726 ⁸),
709 1641 823 1707 Carolo
847 1643 959 1727 llaguo
984 1637 1112 1725 dignum
1136 1634 1209 1701 lorc

199 1748 321 1833 imperii
356 1765 596 1824 successorem,
637 1745 877 1834 providentibus
898 1745 934 1832 ⁴).
998 1747 1080 1810 Dum
1123 1741 1208 1806 haec

197 1865 283 1919 trans
308 1851 449 1917 Rhenum
472 1863 620 1939 aguntur,
644 1853 829 1941 intermino
853 1850 994 1919 orientali
1018 1848 1208 1915 acciderunt

199 1980 266 2037 res,
293 1979 441 2046 quarum,
472 1960 545 2046 quia
569 1959 694 2023 maximi
719 1969 811 2024 erant
832 1958 998 2034 momenti,
1022 1954 1207 2042 primordia,

198 2063 306 2154 quoad
336 2063 527 2151 poterimus,
562 2063 790 2153 persequenda
819 2075 899 2130 sunt.
956 2063 981 2128 h
1011 2082 1089 2148 rege
1119 2059 1206 2126 enim

196 2170 370 2238 ludowico
403 2169 593 2237 Germanico
629 2170 754 2237 duobus
790 2169 949 2256 germanis
982 2167 1137 2234 Guilelmo
1159 2178 1210 2232 ,ει

197 2275 405 2365 Engilscalco,
430 2296 467 2340 ex
487 2276 586 2342 Pritzii
610 2276 767 2364 probabili
790 2278 976 2364 conjectura
995 2274 1022 2360 ‘)
1043 2273 1111 2339 liliis
1130 2273 1206 2340 Gui-

195 2384 280 2450 lelmi
303 2381 426 2448 comitis
449 2391 479 2446 et
505 2381 704 2467 Engilradae,
738 2383 789 2470 qui
823 2382 863 2448 ab
895 2403 977 2448 anno
1001 2379 1206 2447 820-853

197 2493 226 2555 in
245 2489 360 2563 chartis
378 2486 484 2554 eidem
503 2488 685 2573 provinciae
703 2488 856 2576 praelecti
875 2498 1046 2556 occurrunt
1065 2487 1100 2574 ⁶),
1124 2507 1205 2554 cura

193 2610 397 2626 ’.ἐς

194 2730 227 2781 w
262 2652 316 2779 tt)V
330 2653 398 2707 Anu.
418 2658 558 2720 vedastini,
582 2661 641 2723 888,
661 2659 790 2709 Hincmar.
806 2661 864 2719 888,
884 2660 949 2708 Arm.
966 2657 1038 2708 Fuld.
1058 2659 1118 2707 888.
1137 2656 1203 2705 Pars
1224 2657 1231 2668 “

246 2742 261 2780 e
316 2765 323 2778 .
399 2773 402 2778 .

266 2816 291 2879 8)
331 2816 394 2866 hun⁴
415 2817 485 2866 Fuld.
514 2817 577 2867 Pars
597 2817 639 2881 lv,
661 2819 711 2867 888
737 2819 894 2879 „exercitus
913 2817 1002 2867 ‘valde
1029 2816 1203 2866 contristatus

194 2905 317 2966 dolebat,
344 2917 426 2966 super
453 2918 483 2954 se
509 2905 587 2954 talem
611 2906 719 2955 venisse
738 2907 896 2968 principem,
919 2906 962 2969 qui
987 2906 1108 2956 hostibus
1128 2904 1203 2966 lavit,

194 2997 221 3043 et
238 2994 276 3042 eis
296 2992 431 3041 victoriam
450 2991 483 3042 de
502 2992 624 3043 hostibus
644 2994 786 3058 subtraxit,
808 2995 967 3057 nimiumque
987 2993 1090 3043 contusi
1107 2993 1204 3042 redie-

194 3083 255 3130 runt
271 3080 297 3128 in
317 3080 392 3129 sua.’'

265 3167 290 3229 8)
325 3162 426 3231 Regino
445 3171 495 3217 886
522 3166 580 3230 „ob
604 3168 815 3220 recordationem
838 3168 1053 3221 reverendissimi
1077 3167 1181 3230 arnolfi,
1190 3169 1204 3188 '¹

193 3255 273 3305 Poeta
291 3255 370 3316 Saxo,
389 3255 419 3318 V,
436 3255 496 3304 188.

266 3342 291 3403 t)
328 3342 448 3393 Monacbi
474 3344 583 3407 Sangall.
609 3348 683 3409 gesta
709 3347 792 3396 Karoli
811 3343 843 3398 Μ.
860 3343 891 3408 ll,
919 3349 952 3396 tt
974 3341 1058 3413 (Pertz
1078 3343 1109 3404 ll,
1129 3337 1200 3408 787),

192 3429 364 3482 Erchanberti
390 3430 550 3482 breviarium
576 3431 663 3494 (Pertz
685 3435 729 3485 SS.
748 3435 778 3499 ll,
801 3431 867 3497 886)
892 3434 1106 3494 „Carlomannus
1132 3431 1200 3481 filios
1239 3418 1240 3422 ¹

192 3531 245 3568 non
264 3516 354 3567 habuit
371 3520 420 3568 nisi
439 3522 540 3569 tantum
559 3535 650 3583 uuum,
671 3525 777 3573 nomine
795 3521 939 3585 Arnullum,
960 3546 989 3556 -
1003 3545 1031 3555 -
1049 3521 1093 3583 qui
1111 3519 1202 3568 adhuc

192 3605 266 3667 vivtt,
285 3607 312 3654 et
330 3605 358 3653 ol
378 3608 476 3657 utinam
496 3610 580 3670 vivat,
599 3623 633 3660 ne
652 3612 818 3674 extinguatur
835 3610 943 3659 lucerua
960 3610 1049 3672 magni
1065 3608 1202 3657 Ludowici

191 3695 226 3746 dc
245 3694 325 3743 domo
345 3693 456 3744 Domini.
464 3695 475 3712 ’¹
1046 3723 1049 3726 >

261 3780 287 3842 6)
323 3776 391 3829 Pritz
407 3782 561 3832 Gesebichte
581 3784 630 3834 des
644 3786 747 3836 Laudes
766 3785 801 3836 ob
820 3784 949 3835 derEnns
962 3784 981 3845 1,
993 3797 1019 3846 p.
1034 3787 1082 3834 881
1094 3807 1129 3818 -
1141 3787 1202 3834 888.

264 3867 289 3926 6)
329 3871 379 3917 886
401 3869 562 3932 „Willihelm
587 3876 698 3924 comes''
722 3876 799 3924 testis
818 3873 896 3924 adest
914 3886 956 3935 ap.
974 3874 1088 3923 Menum.
1111 3873 1200 3934 Boica,

190 3951 385 4018 xxv111,ll,p.
401 3960 447 4018 ³⁷3
469 3961 519 4007 886
533 3959 640 4010 donatio
652 3961 772 4022 ejusdem
791 3961 997 4024 „adl'eniugon”
1014 3960 1093 4010 lacta:
1114 3959 1200 4009 Chro-

190 4045 271 4094 uicon
290 4043 489 4094 Lunaelacense
509 4058 535 4107 p.
555 4050 602 4108 66,
623 4052 684 4113 888,
705 4053 755 4100 sat
775 4050 843 4099 duae
863 4048 922 4110 ejus
941 4049 1094 4099 traditiones
1113 4044 1148 4098 ad
1167 4050 1202 4102 st.

188 4124 425 4181 Emmerammum:
453 4132 578 4183 Beruard.
602 4136 652 4186 Pez
674 4135 801 4187 Thesaur.
826 4137 948 4187 anecdot.
971 4137 989 4198 l,
1010 4142 1033 4187 8.
1057 4139 1117 4198 att,
1138 4139 1200 4188 att.

189 4223 253 4269 8⁵³:
273 4215 391 4270 hlcnum.
409 4219 496 4280 Boica,
516 4220 625 4284 xxvtlt,
646 4226 663 4286 l,
685 4230 717 4275 ts
737 4221 878 4290 (Boebmer
896 4225 942 4274 No.
960 4223 1030 4285 786).
