2796 4958
798 637 873 701 1oe

327 810 441 878 Caroio
465 809 620 877 tredecim
640 812 742 877 annos
764 819 838 876 nato
861 819 1013 878 coronam
1037 812 1204 898 imponere
1231 810 1337 876 statuit

329 919 469 1007 ideoque
500 938 611 1004 regem
644 936 735 981 suum
766 929 799 981 ut
828 918 1000 984 exercitum
1032 930 1142 985 contra
1165 917 1336 1005 Aquitanos

327 1024 470 1091 nondum
491 1022 644 1090 subactos
666 1033 818 1101 moveret,
842 1024 1001 1111 persuasit
1021 1024 1053 1108 ¹).
1092 1023 1151 1102 Qui
1175 1022 1252 1088 dum
1277 1022 1336 1088 ira·

327 1141 411 1198 trum
434 1127 588 1195 Ramnuifi
610 1129 711 1195 altero
731 1127 830 1197 Ebuio
854 1128 1020 1195 interiecto
1044 1128 1175 1195 aiterum
1195 1127 1338 1197 Gozber-

329 1251 393 1304 tum
429 1235 557 1302 obsidet
575 1240 622 1316 ²),
657 1235 768 1314 Falco,
803 1235 964 1323 pterisque
993 1237 1184 1301 Francorum
1204 1234 1337 1300 Rhamis

329 1342 603 1421 convenientibus,
633 1341 684 1407 die
708 1342 760 1407 ζ28.
783 1341 920 1408 ianuarii
944 1342 1061 1406 mensis
1080 1346 1111 1420 ³)
1135 1363 1161 1407 a.
1184 1339 1253 1406 893
1279 1340 1337 1406 Ca-

329 1449 429 1516 roium
454 1468 573 1515 corona
597 1447 695 1534 regali
720 1449 890 1515 exornavit.
942 1447 1042 1512 Fastis
1066 1457 1171 1514 autem
1194 1446 1337 1534 paschae

329 1554 444 1623 diebus
477 1553 525 1639 (8.
555 1553 666 1640 April.)
699 1555 793 1631 actis,
829 1551 1072 1638 archiepiscopo
1103 1552 1272 1619 Rhemensi
1307 1564 1338 1618 et

318 1663 495 1731 ‚Heriherto
537 1660 642 1726 comiti
677 1658 968 1726 veromanduorum
1014 1659 1097 1746 regis
1141 1658 1336 1726 consobrino

328 1789 400 1836 cum
420 1765 533 1832 Carolo
553 1767 580 1852 4)
604 1777 715 1832 contra
732 1763 879 1831 Odonem
896 1763 1057 1851 prosectis,
1076 1762 1116 1830 ab
1130 1764 1228 1832 ahora
1244 1775 1336 1853 parte

327 1870 502 1938 Richardus
527 1871 725 1958 Burgundios
749 1869 826 1951 dux,
858 1869 1030 1937 Guilelmus
1053 1870 1280 1958 Aquitanorum
1304 1883 1336 1937 et

328 1979 526 2045 Hademarus
550 1977 753 2044 Pictaviensis
777 1997 888 2044 comes
907 1983 938 2055 ¹)
962 1996 1035 2042 oum
1058 1979 1198 2046 exercitu
1221 1977 1336 2045 obvios

327 2108 363 2152 se
395 2083 551 2151 dederunt
574 2082 643 2162 sed,
675 2085 748 2173 quia
771 2083 844 2149 Odo
873 2103 988 2166 pacem
1019 2083 1189 2151 conciiiare
1219 2085 1335 2160 maluit,

328 2191 442 2259 nahum
462 2188 621 2277 proelium
643 2191 876 2257 commiserunt
914 2191 1037 2258 interea
1053 2193 1224 2258 Formosus
1241 2213 1335 2278 papa,

326 2298 367 2366 ad
396 2318 491 2386 quem
516 2286 617 2362 Fuloo¹
640 2296 744 2362 statim
776 2297 943 2383 epistotam
975 2297 1016 2364 de
1044 2297 1206 2385 praesenti
1228 2318 1334 2364 rerum

326 2405 514 2471 Gallicarum
538 2402 727 2469 condicione
751 2404 893 2480 miserat,
917 2406 1039 2492 utrique
1064 2405 1144 2491 parti
1169 2403 1209 2475 ab
1233 2406 1333 2472 armis

326 2510 532 2578 discederent
567 2509 733 2596 imperavit
751 2512 795 2595 ⁶),
838 2509 944 2576 donec
986 2511 1247 2598 archiepiscopus
1284 2511 1334 2577 iile

325 2621 456 2686 Romam
488 2616 600 2682 itinere
631 2615 715 2682 facto
745 2636 835 2680 suum
868 2615 966 2702 ipsius
990 2637 1029 2683 ea
1053 2615 1095 2683 de
1122 2616 1333 2703 re'judicium

324 2725 514 2812 accepisset.
573 2723 731 2808 Tempore
766 2722 881 2788 messis
914 2743 991 2789 vero
1027 2722 1115 2799 Ode,
1151 2721 1279 2788 aemulo
1314 2745 1334 2788 e

326 2832 454 2900 Francia
478 2828 620 2916 expulso,
638 2827 850 2895 Rhemeusem
866 2828 1021 2895 civitatem
1042 2849 1158 2917 urgere
1175 2829 1284 2917 coepit
1305 2834 1335 2910 ¹)

326 2951 503 3026 posteaque
532 2955 571 3000 ea
600 2934 756 3001 aCarolo
780 2934 962 3022 Septembri
993 2957 1104 3003 mense
1135 2933 1177 3002 ab
1207 2957 1333 3026 oppug-

324 3045 451 3110 natione
473 3041 623 3118 liberata,
655 3062 756 3128 usque
787 3040 827 3107 ad
859 3041 978 3128 pascha
1002 3042 1165 3130 sequentis
1189 3044 1262 3108 anni
1287 3045 1334 3110 in-

323 3150 434 3217 ducias
456 3167 530 3215 cum
552 3146 696 3213 hostibus
710 3146 801 3213 fecit.
848 3146 990 3215 Amulius
1014 3147 1208 3235 indignatus,
1239 3150 1330 3242 quod

397 3361 421 3423 t)
457 3362 616 3424 hunvad„
639 3365 699 3412 899.

395 3449 421 3511 Ξ)
456 3449 528 3515 Ros,
548 3453 607 3512 892,
627 3451 693 3499 Ano.
714 3449 778 3501 Ved.
798 3455 858 3516 tet,
878 3451 1013 3512 Richer.1,
1034 3454 1075 3503 12.

394 3539 421 3599 3)
457 3538 588 3588 Boehmer
614 3551 640 3600 p.
670 3540 719 3586 178
751 3537 796 3587 cir.
823 3539 942 3603 Bouquet
966 3537 1005 3600 tit,
1032 3541 1092 3602 5³⁰,
1120 3543 1170 3588 tao
1206 3535 1330 3606 (Boehm.

323 3630 400 3686 195³,
422 3624 514 3688 test).
590 3627 616 3687 t)
654 3625 720 3675 hnn.
739 3624 811 3686 Ved,
831 3630 889 3676 893,

392 3712 417 3773 t)
454 3711 501 3763 oh.
520 3712 615 3761 chron.
635 3712 754 3763 Richardi
772 3713 941 3765 pictaviensis
959 3709 1091 3778 (Bouquet
1108 3709 1151 3776 tx,
1171 3713 1228 3780 at).

393 3795 419 3864 o)
455 3798 595 3851 Flodoard.
613 3800 677 3851 Hist.
694 3800 785 3850 libem.
806 3802 846 3863 iv,
871 3809 894 3853 3.

393 3890 417 3948 7)
454 3888 520 3936 Anu.
540 3888 613 3951 ved,
632 3892 692 3938 898.
710 3888 789 3938 Falco
809 3892 914 3954 scripsit
930 3891 1058 3939 Formosa
1077 3890 1330 3954 papaeffiodoard.

319 3981 333 4026 t.
351 3975 381 4040 i.)
400 3975 427 4025 h.
446 3987 470 4025 a.
489 3976 579 4039 „quod
601 3974 657 4026 Odo
680 3977 813 4028 civitatem
834 3980 988 4030 Remensem
1009 3978 1151 4041 obsederit,
1176 3981 1331 4031 innumeras

321 4066 399 4115 etiam
419 4063 518 4115 caedes
537 4066 563 4114 et
581 4062 804 4126 depraedationes
823 4070 1016 4128 exercuerit·
1032 4069 1119 4117 donec
1139 4066 1249 4116 Carolus
1268 4080 1330 4117 oum

321 4153 408 4202 vaiido
430 4153 560 4202 exercitus
581 4154 710 4216 apparatu
730 4154 876 4206 adveniens
895 4170 955 4206 eum
975 4155 1008 4204 ab
1028 4154 1141 4205 obsessa
1157 4155 1262 4204 ciuitate
1281 4156 1329 4206 de-

320 4241 456 4303 pelleret.'¹
