2796 4958
658 663 734 735 leo

199 832 427 914 celebraretur,
448 853 541 924 quae.
564 834 769 922 praesidente
786 837 923 906 urtone
945 837 1199 927 archiepiscopo.

196 939 241 1009 de
270 941 459 1029 episcopatu
489 942 651 1009 {tremensi
673 940 828 1028 judicium
865 957 1047 1024 exerceret,
1081 945 1199 1015 deinde

190 1058 329 1139 uterque
351 1047 556 1118 adversarius
578 1048 649 1135 ipse
664 1049 798 1116 Romam
822 1049 882 1116 iter
904 1049 1075 1117 conferret.
1112 1052 1199 1138 Epis

191 1260 259 1327 rius
282 1259 325 1329 ibi
347 1259 465 1329 edesse
488 1261 599 1341 noilet,
632 1262 838 1328 Bremeusem
862 1261 1033 1330 ecclesiam
1056 1265 1200 1352 Agrippi-

191 1367 303 1435 nensis
323 1386 455 1454 semper
477 1366 713 1455 suffrageneam
736 1366 833 1434 tuisse
856 1383 1075 1455 cognoverunt
1103 1382 1200 1458 etque

191 1469 257 1539 hnc
278 1493 382 1560 papae
406 1474 541 1561 epistola
565 1472 789 1540 indicaverunt.
835 1473 909 1552 Hic,
939 1476 989 1540 cui
1021 1495 1062 1542 ex
1092 1476 1200 1547 volun

193 1589 261 1647 tate
281 1579 351 1666 ejus
371 1580 584 1647 Herimannus
613 1578 716 1645 solum
747 1578 872 1666 legatos
893 1579 1037 1658 miserat,
1075 1582 1199 1669 utrique

197 1704 238 1751 se
265 1684 448 1753 decrevisse
477 1686 606 1772 scripsit
625 1685 666 1770 ¹)
695 1696 730 1751 ut
758 1705 1021 1774 „-qnousqne
981 1686 1202 1756 -Mllambur

194 1790 302 1876 gensis
319 1790 463 1860 ecclesia
494 1791 573 1860 inire
604 1811 802 1879 paganorum
827 1793 977 1860 terminos
1001 1792 1123 1863 dilatari
1146 1815 1201 1867 v·a

195 1895 284 1974 ieret,
305 1865 360 1967 ubi
378 1896 686 1984 episcopieiundari
709 1908 851 1983 possent,
873 1899 1080 1965 Bremensem
1095 1900 1201 1967 eccie-

192 2001 277 2068 siam
297 2011 423 2071 teneret
443 2001 486 2070 ad
509 2001 752 2071 subsidium·
763 2022 876 2081 ,cum
900 2017 1104 2091 augmentata
1126 2005 1201 2073 fuis-

192 2120 253 2185 set,
278 2107 474 2180 Coloniensis
504 2107 643 2175 ecclesia
672 2128 731 2175 sue
750 2109 946 2196 reciperet&
992 2109 1201 2181 Herimannus

193 2213 258 2283 hoo
271 2213 400 2302 judicio,
425 2227 458 2284 ut
476 2211 609 2291 ridetur,
632 2213 774 2283 nondum
792 2214 869 2280 setis
890 2225 1066 2292 contentus,
1085 2237 1201 2303 quere·

194 2319 244 2386 las
267 2322 302 2389 ,in
332 2319 459 2411 synodo
489 2318 680 2387 Triburiensi
710 2321 888 2397 renovavit,
924 2317 994 2398 ubi,
1030 2333 1200 2409 postquam

192 2425 365 2515 -Widgerus
388 2425 429 2496 eb
453 2424 602 2505 adelino,
633 2446 772 2515 quocum
802 2428 897 2494 ermis
922 2425 964 2492 de
983 2426 1055 2512 jure
1078 2429 1201 2497 arehie-

192 2533 321 2622 piscopi
335 2531 584 2620 {lemburgensis
608 2532 759 2611 decrevit,
784 2534 928 2601 devictus
946 2544 1002 2612 est,
1027 2554 1100 2601 cum
1123 2557 1202 2604 con·

191 2639 452 2709 sensuFormosi
475 2652 508 2706 et
526 2638 643 2707 arnulfi
665 2641 750 2727 regis
775 2639 937 2727 privilegia
960 2639 1122 2726 quendem
1147 2662 1202 2709 ec-

190 2740 316 2813 clesiae
348 2745 583 2833 Hembnrgensi
619 2766 792 2823 concessa,
823 2743 948 2811 sublate
981 2757 1069 2823 sunt,
1104 2756 1202 2834 atque

197 2851 382 2938 edelgarius
418 2852 487 2938 ipse
522 2853 577 2931 „in
616 2851 721 2919 caude
755 2849 879 2917 concilii
914 2850 1036 2936 positus
1070 2852 1142 2917 est''
1160 2856 1201 2928 ¹).

193 2957 329 3045 Sergius
350 2959 388 3025 ΙΙΙ
415 2979 500 3046 papa
531 2967 646 3044 postea
675 2978 704 3024 a.
727 2956 853 3024 circiter
882 2954 948 3023 905
979 2957 1008 3022 ei
1032 2957 1203 3043 episcopa-

193 3074 264 3131 tum
282 3067 492 3135 :Bremenscm
515 3065 672 3152 integrum
696 3065 829 3130 restituit
852 3065 893 3148 ¹),
922 3065 1057 3131 Hattone
1086 3075 1119 3128 at
1141 3064 1204 3130 He-

190 3171 343 3239 -eimanno
378 3169 570 3259 aliquamdiu
608 3191 693 3257 „pro
736 3171 951 3239 satisfactione
985 3169 1203 3257 penitentiae’¹

196 3276 306 3362 divino
323 3276 435 3361 officio
459 3276 634 3365 prohibitis.
657 3313 703 3324 -

289 3382 434 3451 Amulius
453 3403 564 3451 mense
580 3384 661 3471 Meju
685 3394 820 3449 exeunte
837 3376 1106 3464 Borbetomagum
1130 3398 1205 3464 pro-

199 3489 311 3569 iectus,
336 3488 487 3557 Odonem
510 3502 543 3555 et
567 3488 714 3556 Carnium
737 3509 797 3576 pro
820 3509 879 3554 suo
904 3505 1064 3576 quemque
1088 3484 1205 3572 princi-

198 3606 277 3684 patu
300 3595 489 3663 dimicantes
518 3596 546 3661 in
577 3616 646 3663 rem
674 3603 877 3682 praesentem
909 3592 1016 3660 venire
1035 3591 1145 3672 jussit,
1173 3601 1207 3657 ut

199 3722 259 3767 suo
283 3700 411 3768 arbitrio
437 3701 672 3768 contentionem
696 3721 807 3765 eorum
830 3698 967 3765 sedaret.
1012 3696 1159 3764 Carnium
1181 3698 1208 3782 ¹)

199 3807 285 3874 enim
307 3828 392 3875 anno
415 3804 633 3893 praecedente
662 3804 693 3870 in
725 3826 859 3892 regnum
890 3803 1093 3881 redeuntem,
1123 3803 1209 3888 regis

196 3913 290 4002 jussu
321 3912 466 4001 episcopi
497 3922 530 3978 et
564 3911 699 3979 comites
729 3911 881 3978 Franciae
914 3909 1088 3997 superioris
1124 3907 1209 3973 circe

202 4079 406 4093 ——r—-n—

276 4169 302 4231 1)
331 4169 510 4234 ‚Leppenberg
527 4183 553 4233 p.
573 4172 632 4232 78⁰,
652 4172 694 4220 et.
737 4208 739 4214 .
767 4172 795 4230 2)
830 4169 920 4221 edam.
938 4167 1059 4229 Breml,
1081 4169 1123 4227 t).

279 4250 307 4323 t)
342 4255 620 4324 Leppenberg-Leo.
692 4256 720 4319 t)
754 4260 820 4307 Anu.
841 4256 920 4320 Ved,
940 4257 1000 4317 eet,
1019 4256 1094 4318 leeg,
1114 4257 1174 4314 893.
