2796 4958
551 655 601 719 71

66 836 115 890 tes
147 822 371 914 populantibus
409 826 555 916 undique·
576 820 697 903 saeris,
729 827 767 892 Et
799 825 963 916 qnondam
994 824 1078 904 lelix,

68 952 151 997 nunc
185 934 276 998 nimis
311 955 347 1000 es
382 936 514 1013 misera;
549 933 677 1021 Quippe
712 933 755 998 tui
787 932 904 998 hilares
939 932 1076 999 exultant

64 1034 192 1103 fletibus
216 1038 339 1117 hostes,
370 1042 576 1128 Ditantnnqu'o
604 1041 665 1105 tuis
688 1039 819 1106 assidue
840 1039 965 1126 spoliis,
993 1039 1074 1105 llilia

65 1163 213 1210 cesorum
238 1148 427 1236 captivaque
447 1145 538 1213 turba
556 1158 683 1212 tuorum
698 1145 839 1234 Amplior
856 1157 906 1212 est
926 1165 1072 1222 numero,

64 1271 159 1337 quam
182 1253 222 1316 sit
245 1253 363 1319 harena·
386 1254 492 1319 maris.
540 1254 620 1318 Nam
643 1251 760 1318 Carolo
782 1252 953 1329 moriente,
982 1264 1071 1318 tunm

64 1355 165 1423 decus
188 1372 220 1425 et
242 1359 345 1426 bonor
366 1360 470 1425 omnis
492 1360 538 1424 Ex
559 1357 612 1424 illo
632 1358 753 1422 sensim
781 1358 860 1445 lugit
879 1369 912 1422 et
933 1358 1070 1422 interiit”

64 1459 154 1539 Quali
177 1475 311 1550 aspectu
334 1456 456 1550 oppida
482 1485 502 1529 a
524 1462 712 1529 Normannis
732 1465 842 1529 invasa
865 1463 991 1537 luerint,
1022 1461 1070 1527 di-

62 1580 149 1633 serte
184 1571 321 1655 scriptor
352 1566 540 1634 Vadastinus
572 1567 670 1634 docet
691 1573 734 1647 ¹):
767 1568 969 1647 ,llortmanni
1005 1588 1067 1634 non

63 1686 193 1738 cessant
221 1677 381 1763 captivare
412 1686 509 1763 atquo
538 1671 716 1740 interficere
744 1676 896 1762 populum
926 1674 1068 1739 christia·

63 1799 152 1856 num,
176 1791 271 1868 atque
292 1766 451 1847 'ecclosias
473 1781 647 1856 subruere,
677 1779 847 1846 destructis
876 1781 1010 1846 moeniis
1033 1792 1067 1845 et

61 1882 138 1947 villis
161 1885 234 1971 igne
257 1888 413 1953 crematis.
450 1888 510 1952 Per
533 1907 646 1953 omnes
668 1886 752 1953 anim
770 1886 894 1974 plateas
913 1886 1068 1974 jacebant

60 1989 220 2057 cadavera
236 1992 434 2072 clericorum,
455 1993 618 2071 laicorum,
640 1993 791 2061 nobilium
809 2005 906 2082 atque
922 1993 1066 2071 aliorum,

60 2097 223 2162 mulierum
251 2100 402 2185 juvenum
427 2110 460 2165 at
480 2098 678 2178 lactantium,
710 2121 774 2167 non
802 2102 887 2166 enim
918 2110 986 2164 erat
1016 2101 1065 2166 via

60 2202 108 2268 vel
133 2203 237 2282 locus,
269 2218 339 2293 quo
361 2226 425 2272 non
450 2207 600 2293 iacerent
619 2205 735 2272 mortui
760 2216 792 2271 et
814 2217 883 2271 erat
907 2204 1066 2272 tribulatio

60 2309 206 2375 omuibus
230 2323 263 2376 et
278 2311 378 2391 dolor,
402 2311 546 2378 videntes
569 2311 722 2398 populum
740 2311 942 2378 christianum
964 2332 1067 2399 usque

60 2415 101 2481 ad
125 2417 375 2485 internecionem
399 2414 590 2484 devastari'²
627 2416 761 2484 Carolus
785 2416 929 2495 Crassus,
952 2439 1065 2505 regum

60 2525 211 2591 Franciao
240 2523 449 2591 occidentalis
466 2522 676 2591 'infirmorum
714 2524 894 2610 exemplum
926 2525 1065 2591 imitatus

60 2630 183 2705 hostes,
214 2643 296 2720 quos
325 2649 480 2718 suparare
510 2640 650 2697 autnon
673 2631 775 2717 potnit
805 2642 944 2698 autnon
968 2652 1066 2698 ausus

60 2746 110 2802 est
123 2729 210 2804 'auro
234 2732 394 2814 redemit,¹
414 2750 611 2824 terramque,
640 2757 737 2824 quam
761 2746 962 2802 vastaverant
984 2738 1065 2805 ultro

60 2846 108 2910 eis
130 2835 270 2922 tradidit,
295 2843 385 2929 cujus
410 2844 578 2929 perniciosi
602 2843 724 2909 consilii
745 2840 834 2907 brevi
858 2854 932 2929 post
953 2844 1066 2930 poeni-

61 2961 130 3015 tens
152 2949 288 3037 perfidia
310 2961 470 3015 tantuma
500 2969 579 3036 roge
600 2950 851 3017 Normannorum
881 2948 912 3013 in
934 2948 1065 3014 Frisiam

60 3066 193 3144 recepto
225 3055 376 3122 liberatus
408 3066 465 3122 ost.
521 3056 682 3122 Lutetiae
703 3075 832 3144 qnoqtre
865 3056 1064 3134 Parisiorum,

59 3163 207 3230 Heinrico
243 3163 360 3230 comite
394 3174 598 3249 praematura
635 3175 738 3230 morte
773 3183 947 3250 oppresso,
991 3161 1064 3228 nihil

61 3281 171 3336 contra
193 3269 301 3336 hostes
328 3268 369 3335 ab
394 3269 492 3335 urbis‘
508 3269 588 3335 illins
610 3268 731 3335 civibus
753 3270 963 3357 magnanimis
976 3271 1066 3335 ‘tam-

61 3375 112 3441 diu
128 3368 283 3463 'repulsos
306 3376 414 3455 valuit,
444 3376 497 3465 qui
529 3376 678 3463 proximis
708 3375 798 3440 annis
827 3376 858 3438 in
883 3374 1005 3451 Gallos,
1034 3375 1064 3438 in

61 3502 194 3570 quornm
218 3482 320 3569 patria
342 3482 516 3570 compluria
539 3481 702 3549 habebant
725 3492 829 3546 castra
852 3478 974 3557 stativa,
996 3499 1067 3545 ma·

60 3588 108 3675 gis
133 3604 230 3677 quam
253 3590 283 3654 in
306 3588 482 3656 Germanos
504 3588 722 3656 incubuerunt.
761 3586 986 3673 blanusigitur
1009 3606 1065 3654 oo·

60 3718 128 3760 rmn
152 3715 236 3783 quae
262 3695 384 3782 jamdiu
408 3697 437 3760 in
462 3695 509 3760 his
531 3693 716 3781 regionibus
741 3704 862 3760 morata
889 3693 983 3758 etiam
1006 3694 1065 3758 Pa-

60 3800 430 3890 risios'oppugnaverat,
459 3823 486 3866 a.
510 3799 577 3866 887
605 3797 773 3890 usquead
798 3801 918 3865 Mosam
949 3818 1065 3863 amnon

60 3904 234 3994 progressa
268 3897 393 3996 partem
428 3906 625 3995 burgundiae
660 3906 836 3974 devastavit
852 3911 901 3988 ²);
938 3915 1003 3970 tum
1038 3928 1065 3973 a.

135 4159 160 4219 l)
195 4160 262 4210 Anu.
281 4160 354 4221 Ved,
369 4151 419 4209 88'l
440 4159 486 4209 clr.
505 4158 600 4208 Riober
617 4159 752 4208 Historiar.
771 4161 797 4208 t·
816 4159 836 4210 1.’
854 4173 878 4208 c.
896 4160 920 4204 6.

135 4248 160 4307 2)
196 4250 260 4299 bun.
278 4242 353 4299 F'uidr
368 4249 394 4298 P.
415 4249 456 4312 lv,
481 4250 540 4310 tot,
562 4246 627 4297 Anu.
645 4247 709 4299 ved.
731 4248 792 4298 tat,
