2796 4958
195 826 400 893 commissam
428 845 518 901 esse,
548 825 677 892 tradunt
705 827 836 894 annales
865 828 907 891 St.
933 830 1083 895 Rudberti
1104 830 1205 896 Salis·

193 932 373 1019 burgenses
407 943 503 1018 atque
538 935 712 998 auctarium
743 935 916 1000 Garstense
939 935 972 1016 ¹).
1029 937 1123 1014 Quod
1161 939 1206 1003 ita

195 1035 430 1124 intelligendum
452 1049 518 1113 est,
541 1038 596 1115 iili,
619 1041 701 1104 sieut
722 1040 983 1106 antecessoribus
1008 1044 1093 1129 ejus.
1121 1064 1206 1130 qno-

194 1165 265 1209 rum
288 1143 414 1208 nomina
444 1155 557 1209 auctor
582 1167 761 1233 anonymus
784 1144 826 1211 de
850 1148 1061 1213 conversione
1085 1148 1207 1213 Caran-

195 1263 340 1316 tanomm
361 1248 476 1335 prodit,
496 1252 523 1331 ²)
545 1251 637 1336 quasi
658 1271 817 1317 summam
839 1253 961 1338 imperii
985 1253 1103 1318 tenenti
1126 1273 1205 1320 cae-

195 1369 281 1422 teros
311 1355 460 1430 comites,
491 1356 630 1442 singulas
657 1379 803 1445 quosque
834 1359 1013 1442 provincias
1043 1375 1203 1445 regentes,

194 1461 340 1528 subditos
363 1461 468 1526 fuisse.
504 1461 598 1539 Quod
623 1483 745 1540 munus,
768 1483 841 1529 cum
865 1476 897 1528 et
917 1463 959 1529 ob
979 1463 1108 1529 assidue
1123 1484 1207 1530 con·

194 1583 244 1635 tra
267 1568 380 1633 Slavos
403 1568 578 1633 certamina
608 1570 742 1634 comites
771 1589 902 1654 semper
925 1591 945 1634 a
967 1570 1041 1634 uiris
1062 1568 1206 1634 bellandi

194 1673 392 1762 peritissimis
415 1673 702 1748 circumdarentur,
726 1687 757 1738 et
779 1676 898 1740 Morari
921 1697 1082 1762 quemque
1106 1678 1206 1740 Fran·

195 1801 307 1848 corum
328 1779 419 1865 regni
440 1779 608 1855 inimicum,
631 1777 739 1843 libenti
753 1781 859 1845 auimo
882 1780 1076 1866 adjurarent
1099 1801 1205 1867 saepe

193 1885 326 1953 saeculo
348 1905 435 1950 nouo
457 1905 592 1970 magnos
613 1884 778 1950 seditionis
802 1883 990 1951 conflandae
1014 1887 1061 1963 iis,
1084 1887 1137 1972 qui
1160 1906 1205 1952 eo

194 1989 405 2077 iungebantur
439 1988 621 2055 admovisse
663 1989 820 2065 stimulos,
865 1990 1041 2077 compluria
1082 1990 1206 2057 docent

194 2097 350 2184 exempla.
404 2094 654 2161 Carolomannus
676 2116 805 2182 quoqne
830 2095 963 2162 foedere
987 2118 1060 2162 cum
1083 2099 1205 2162 Raetis·

192 2204 266 2271 lavo
287 2201 445 2268 Menariae
469 2200 553 2266 duce
577 2201 677 2278 iacto,
707 2222 790 2267 anno
813 2200 878 2266 861
910 2222 963 2266 res
985 2223 1087 2269 noras
1110 2204 1203 2268 moli-

194 2324 260 2386 tus,
292 2308 394 2373 duces
425 2306 510 2371 limiti
535 2308 716 2375 Pannonico
746 2320 779 2373 et
808 2306 986 2373 Carintbiae
1017 2308 1202 2394 praefectos

194 2413 328 2500 expulit,
358 2432 398 2477 ex
427 2410 543 2499 quibus
575 2413 662 2497 Papo
690 2413 852 2478 Juvaviam
881 2434 918 2478 se
947 2416 1071 2500 recepit
1089 2415 1132 2499 ⁸),
1168 2427 1202 2480 et

194 2533 310 2586 terram
341 2539 443 2606 usque
472 2517 514 2583 ad
538 2520 662 2581 Aenum
694 2515 821 2583 flurium
853 2520 1037 2606 occupavit,
1072 2521 1138 2585 aliis
1169 2523 1202 2586 ei

193 2623 385 2712 praepositis
411 2622 590 2690 rectoribus
611 2623 647 2707 ⁴).
701 2624 918 2702 Quamobrem
947 2628 1201 2713 sequentianno

193 2752 213 2798 a
234 2750 313 2816 rege
341 2729 544 2794 Ratisbonam
566 2728 597 2792 in
617 2727 771 2815 judicium
794 2742 941 2807 vocatus,
964 2745 1133 2818 postquam
1157 2733 1203 2798 de

192 2836 339 2904 omuibus
363 2833 544 2899 criminibus
567 2854 605 2899 se
628 2834 658 2899 ei
681 2837 834 2920 purgavit,
857 2856 929 2900 earn
952 2837 1042 2922 regni
1066 2848 1201 2921 partem,

192 2964 288 3030 quam
311 2939 371 3005 sibi
401 2939 590 3023 arripuerat,
621 2940 690 3025 ejus
713 2960 873 3005 consensu
896 2940 1034 3026 legitime
1057 2941 1200 3009 obtinuit

190 3053 280 3114 Anno
303 3066 381 3111 vero
398 3042 465 3108 863
489 3041 573 3129 apud
598 3056 720 3128 patrem
745 3046 856 3111 iterum
880 3046 997 3111 absens
1019 3058 1201 3125 accusatus

191 3149 331 3220 eumad
361 3150 483 3236 regium
512 3148 659 3235 palatium
690 3150 797 3215 venire
827 3151 939 3226 nollet,
969 3151 1010 3217 ab
1043 3173 1083 3218 eo
1113 3152 1201 3220 bello

192 3260 308 3347 petitus
339 3255 499 3320 Rastisiavi
531 3253 714 3320 defectione
744 3267 776 3319 et
808 3257 988 3340 proditione
1017 3257 1201 3323 Gundacari

192 3365 315 3432 comitis
338 3361 385 3427 sui
410 3369 522 3445 captus
547 3369 596 3423 est
617 3363 652 3445 ⁸).
690 3360 744 3425 Cui
770 3360 843 3426 dum
867 3383 926 3448 pro
951 3361 1103 3429 mercede
1125 3384 1201 3448 per·

191 3478 390 3493 ——-=--¹-

190 3543 262 3594 bodo
282 3541 396 3591 ablatum
416 3551 478 3588 esse
497 3538 565 3598 dteit,
585 3541 661 3602 „quia
678 3541 737 3602 ipse
755 3554 771 3589 a
789 3540 865 3590 nobis
885 3543 947 3591 totis
966 3542 1065 3592 viribus
1084 3555 1114 3592 se
1134 3543 1199 3592 atie-

191 3632 277 3690 narit,
305 3631 332 3677 et
359 3627 437 3675 fidem
461 3629 540 3689 atque
562 3626 748 3687 jusjurandum
773 3629 843 3676 omui
870 3627 1021 3680 tundetttate
1045 3629 1198 3682 fraudavit&

190 3714 259 3769 Mon.
279 3716 347 3765 Boio.
366 3712 474 3775 xxvttt,
495 3718 537 3773 5⁰,
557 3714 697 3770 (Btrohmer
717 3715 786 3770 792).

261 3803 288 3862 1)
327 3801 402 3849 Pertz
422 3803 464 3850 SS.
490 3801 529 3860 tX,
556 3805 617 3863 565,
638 3805 698 3849 tto.
725 3801 772 3851 cir.
800 3803 892 3854 Hirscb
917 3804 952 3854 de
979 3804 1199 3864 procuratoribus

188 3891 313 3942 Bavariee
332 3901 357 3949 p.
377 3892 409 3937 22
422 3914 452 3923 ·-
466 3893 507 3938 2³.

258 3968 284 4040 2)
320 3974 426 4036 Kopitar
447 3976 569 4038 Gtagolita
589 3974 728 4025 Ctoziauus
747 3991 773 4039 p.
792 3976 899 4027 LXXtV.

259 4057 285 4120 8)
324 4062 427 4112 Auctor.
443 4064 525 4111 Garst.
547 4077 570 4112 u.
591 4066 640 4112 861
662 4064 703 4114 tt

258 4151 281 4211 t)
318 4150 441 4201 tttncmar
460 4154 519 4208 861,
541 4150 659 4199 Ruodotfi
679 4165 738 4200 anu.
757 4149 890 4210 Futdens,
912 4154 971 4200 861.

257 4240 281 4298 t)
318 4240 382 4287 ann.
402 4238 472 4288 tuto.
491 4241 542 4287 tut
558 4241 666 4302 -tut,
686 4238 809 4288 Hiucmar
828 4240 888 4303 8⁶2,
909 4243 969 4288 868.
