2796 4958
689 631 741 692 3⁰
837 590 841 596 ,

207 800 292 885 quod
324 801 467 888 singulae
497 801 607 866 barum
640 801 800 867 nationum
835 812 948 887 gentes
985 801 1033 866 vel
1064 802 1212 887 regiones

202 905 337 970 invicem
369 926 387 970 a
418 907 546 994 reliquis
579 907 720 992 separari
745 919 900 994 optarent
960 905 1081 986 Quibus
1104 908 1212 994 populi

202 1009 371 1077 desideriis
405 1014 451 1078 usi
476 1011 657 1097 complures
681 1013 735 1085 viri
758 1019 784 1099 ¹)
814 1015 927 1100 partim
951 1034 1075 1079 summa
1092 1025 1212 1100 poten·

200 1116 242 1181 tia
267 1117 414 1202 praediti,
446 1116 558 1203 partim
589 1117 760 1204 imaginum
781 1119 954 1206 splendore
984 1139 1023 1186 ac
1046 1118 1143 1185 rebus
1167 1119 1209 1186 ab

200 1221 275 1305 ipsis
307 1225 437 1310 egregie
466 1222 566 1309 gestis
594 1223 734 1311 insignes
766 1238 841 1312 pust
863 1227 1010 1300 Carnium
1041 1224 1206 1311 expulsum

199 1326 249 1391 alii
271 1327 300 1391 in
325 1328 392 1394 aliis
411 1328 581 1415 provinciis
601 1332 763 1417 proprium
782 1330 841 1397 sibi
858 1332 1053 1399 constituere
1073 1351 1207 1416 rognum

197 1433 265 1497 ausi
289 1447 369 1501 sunt.
418 1436 456 1500 At
478 1435 508 1498 in
531 1434 700 1501 Germania
723 1436 867 1522 quidem,
892 1437 981 1524 cujus
1004 1434 1206 1522 optimatibus

197 1538 345 1604 omnibns
378 1538 522 1604 Amulius
551 1539 672 1625 origine
704 1561 762 1606 sua
794 1542 892 1608 multo
921 1539 1121 1626 praestabat,
1154 1541 1205 1605 iis·

197 1643 339 1729 demque
373 1644 509 1726 sortasse
542 1645 634 1710 etiam
670 1644 763 1712 bonis
799 1647 918 1714 artibus
948 1647 1093 1733 superior
1127 1657 1203 1724 erat,

196 1760 308 1833 gentes
326 1752 528 1829 Bavarornm,
545 1749 795 1831 Alamannorum,
821 1757 1021 1830 Francorum,
1041 1752 1202 1819 Saxonum

193 1855 324 1921 saeculo
338 1857 371 1922 li.
394 1854 522 1920 demum
546 1856 673 1922 ineunte
696 1857 756 1929 sub
780 1858 903 1924 infantis
926 1856 1080 1944 regimine
1103 1876 1121 1922 a
1142 1877 1201 1924 suo

194 1980 341 2048 quaeque
361 1975 539 2049 coeperunt
563 1962 631 2048 regi
656 1961 747 2030 duce.
784 1964 938 2035 Caeterae
957 1974 1064 2028 autem
1085 1972 1200 2041 terrae,

194 2087 327 2151 quarum
350 2068 474 2134 incolae
497 2068 604 2154 lingua
619 2068 760 2132 Romana
778 2069 904 2135 rustica
920 2067 1101 2146 utebantur,
1121 2088 1201 2154 quor

193 2171 276 2236 niam
295 2192 408 2239 omnes
435 2194 496 2240 eae
515 2191 643 2250 causae,
664 2191 748 2259 quae
762 2174 929 2260 imperium
947 2173 1132 2239 Carolorum
1155 2172 1200 2237 la-

192 2275 389 2354 befecerunt,
414 2279 455 2345 ibi
481 2291 513 2344 et
539 2279 663 2368 priores
683 2290 716 2343 et
735 2279 873 2366 majores
890 2280 1113 2356 occurrissent,
1132 2278 1199 2364 jam

194 2398 267 2447 tnnc
292 2384 322 2448 iu
345 2384 477 2450 similem
502 2394 715 2472 pervenerunt
739 2384 972 2468 condicionem,
1006 2386 1074 2450 Nec
1094 2383 1198 2448 mirari

192 2488 274 2566 licet,
298 2488 388 2576 quod
410 2491 548 2567 macula,
573 2509 669 2576 quam
693 2488 914 2559 carolomanni
937 2491 1017 2557 filius
1042 2501 1112 2557 ortu
1135 2509 1199 2554 non

193 2592 330 2680 legitimo
355 2606 450 2683 atque
473 2615 610 2663 ascensu
634 2593 815 2663 turbulento
839 2608 1049 2684 conceperat,
1079 2615 1198 2681 oppur-

193 2715 298 2767 tunam
321 2703 358 2768 iis
383 2701 554 2770 deficiendi
577 2721 688 2768 ansam
712 2702 873 2788 praebuit,
898 2721 970 2769 cum
989 2703 1056 2788 jam
1079 2722 1106 2767 a.
1127 2700 1197 2776 Ι879

193 2810 276 2872 lluso
299 2828 433 2892 regnum
456 2807 640 2872 Arelatense
671 2806 730 2873 sibi
760 2808 959 2894 arripuisset,
989 2806 1071 2872 filios
1094 2805 1197 2874 Ludo-

192 2913 251 2976 vici
281 2912 365 2977 Balbi
397 2931 437 2976 ex
470 2928 567 2976 uxore
601 2911 740 2998 legitima
769 2911 913 2978 sublatos
930 2912 959 2999 ²)
986 2933 1070 2998 „pro
1102 2910 1195 2978 nibdu

192 3019 323 3096 ducens,
347 3029 378 3083 et
401 3018 486 3084 velut
509 3015 691 3102 degeneres
714 3017 910 3105 despiciens,
935 3040 974 3084 eo
999 3016 1087 3106 qnod
1104 3018 1195 3103 jussu

191 3123 294 3190 Caroli
327 3144 437 3190 eorum
467 3123 600 3209 genitrix
627 3136 735 3209 spreta
762 3135 858 3212 atque
880 3123 1046 3212 repudiata
1070 3123 1195 3189 luerit.⁴‘

192 3229 358 3295 Caeterum
381 3228 551 3295 Wenckius
570 3228 597 3314 ⁸)
627 3240 715 3294 recte
743 3231 812 3295 sine
844 3228 940 3295 dubio
966 3228 1133 3315 judicavit,
1163 3227 1195 3293 id

192 3335 316 3401 Amulio
338 3335 512 3421 praecipue
536 3335 655 3399 crimini
674 3356 749 3401 esse
767 3335 914 3413 dandum,
939 3333 1028 3422 qnod
1044 3333 1196 3398 Franciae

192 3441 349 3506 orientalis
380 3440 726 3529 imperiumedeptnS,
759 3441 896 3527 reliquas
919 3441 1083 3524 regioneS,
1112 3453 1196 3524 qnae

191 3558 304 3632 patruo
330 3545 644 3632 obtemperaverant,
669 3558 725 3633 per
751 3547 889 3633 quinque
912 3552 1040 3608 menses
1065 3559 1196 3630 prorsus

190 3651 336 3737 neglexit,
358 3669 397 3715 ac
412 3649 486 3715 dum
500 3649 600 3716 ubivis
614 3651 788 3737 gravissimi
804 3655 916 3738 urgent
927 3650 1036 3715 hostes
1050 3661 1080 3714 et
1099 3648 1196 3713 exteri

189 3768 222 3820 et
243 3755 410 3821 domestici
423 3755 613 3822 lletisbonae
636 3755 818 3822 socorditer
837 3755 998 3830 fruebatur
1019 3746 1083 3821 otio
1102 3753 1137 3839 ⁴).
1152 3789 1194 3800 -

262 3948 287 4015 1)
324 3952 385 4014 aeg.
406 3967 429 4002 a.
444 3958 502 4002 888.
521 3954 680 4006 ulnwenek
699 3957 741 4006 die
753 3955 1009 4019 ErhebuugAruulls
1027 3966 1053 4015 p.
1072 3955 1103 3999 88
1115 3975 1144 3985 -
1157 3952 1196 3998 87.

264 4038 290 4098 8)
328 4040 508 4104 negante.
580 4039 606 4107 3)
643 4045 740 4106 l.l.p.
764 4047 900 4094 30-88.

263 4123 287 4188 t)
328 4128 393 4179 Anu.
407 4129 478 4179 Fuld.
491 4134 541 4178 888
563 4127 626 4190 ,,ΙΙΙο
648 4133 692 4180 dtu
713 4132 840 4190 morante,
863 4129 936 4178 multi
953 4127 1033 4190 reguli
1044 4127 1071 4187 iu
1083 4125 1198 4187 Europa,

191 4212 234 4263 rel
254 4225 337 4277 reguo
357 4217 456 4278 Caroli,
480 4220 522 4269 snt
541 4219 681 4280 patruelis,
701 4217 877 4272 excrevere.“
