2796 4958
660 666 733 731 lttl

191 835 403 905 Alamannicis
434 847 468 903 et
487 837 748 908 laubacensibus
774 837 798 921 Ι)
821 838 881 906 sub
905 860 988 906 anuo
1011 838 1078 906 897
1101 840 1199 907 reler-

190 955 258 1022 tur,
281 944 474 1010 lierimunno
498 946 645 1033 tugiensi
662 946 690 1032 ²)
717 947 820 1034 potius
844 943 909 1011 lide
931 945 1051 1017 hubita.
1081 967 1108 1012 a.
1131 947 1198 1013 896

190 1048 352 1116 accidisse
371 1051 555 1138 putaverim,
580 1054 653 1140 quia
676 1055 813 1140 scriptor
834 1050 1048 1119 laubacensis
1072 1073 1144 1118 eam
1168 1054 1199 1120 in

189 1166 351 1222 conventu
371 1155 641 1236 Forcbbeimeusi,
673 1181 768 1248 quem
797 1178 824 1223 e.
847 1156 914 1225 896
937 1180 1000 1226 non
1023 1157 1090 1226 897
1114 1159 1200 1226 cele·

189 1261 318 1328 brutum
341 1281 418 1329 esse
438 1263 571 1338 sciurus,
595 1267 742 1331 evenisse
766 1264 866 1330 tradit.
893 1303 932 1316 -
957 1264 1008 1329 Ad
1029 1266 1198 1344 Amulium,

191 1369 242 1434 eui
268 1387 314 1433 -ex
336 1366 400 1435 boo
422 1379 567 1457 tempore
600 1390 652 1436 res
676 1369 844 1436 orientales
868 1391 973 1457 paene
996 1371 1084 1436 solue
1109 1371 1198 1438 cordi

191 1487 224 1539 et
247 1492 347 1540 curae
370 1488 474 1554 eraut,
499 1477 643 1563 corporis
664 1475 843 1542 valetudine
867 1496 980 1541 eum-a
1005 1476 1199 1564 longioribus

189 1579 357 1647 itineribus
386 1593 531 1660 arcente,
568 1581 758 1648 listisbonae
789 1581 983 1648 residentem
1005 1587 1051 1664 ⁸),
1087 1603 1198 1649 meuse

190 1685 364 1755 Novembri
398 1686 448 1754 vel
483 1687 652 1755 Decembri
683 1688 797 1754 Graeci
833 1689 1033 1775 imperatoris
1066 1688 1200 1776 legatus,

189 1795 330 1860 Lazanrs
361 1794 534 1881 episcopus
561 1793 645 1860 venit
663 1796 705 1879 ⁴),
740 1795 830 1881 cujus
861 1793 1025 1870 mandata,
1061 1814 1133 1861 cum
1157 1795 1200 1862 ad

192 1900 338 1986 {lagaros
361 1898 429 1965 siue
453 1898 551 1965 dubio
575 1911 773 1986 spectarent,
807 1922 916 1967 ansam
949 1900 1041 1967 nobis
1070 1901 1110 1966 ad
1140 1922 1199 1969 eos

189 2003 312 2070 tamdiu
336 2004 473 2072 omissos
497 2004 650 2071 redeundi
684 2006 848 2093 praebent.
897 2009 1038 2085 Quorum
1057 2007 1117 2073 iata
1136 2008 1199 2076 boc

190 2109 267 2177 loco
291 2131 332 2177 eo
355 2111 457 2198 magis
480 2111 696 2197 investiganda
721 2131 794 2178 esse
816 2112 976 2190 videntur,
1007 2115 1079 2200 qnia
1110 2114 1199 2179 annis

191 2215 464 2302 praecedentibus
486 2238 539 2282 res
556 2215 650 2283 abiis
668 2228 779 2303 gestae
798 2217 927 2294 luerent,
952 2238 1086 2306 quorum
1105 2239 1202 2285 even·

192 2332 245 2388 ttrs
266 2320 308 2388 ad
331 2324 513 2390 seculorum
537 2333 657 2390 sortem
686 2344 842 2415 summam
865 2324 927 2390 vim
951 2322 1073 2389 habeus
1098 2345 1200 2413 usque

193 2427 236 2494 ad
258 2440 461 2516 praesentem
482 2429 566 2495 diem
583 2429 719 2495 sentitur.
756 2432 836 2494 lium
857 2429 979 2517 bogari,
1004 2429 1084 2496 sicut
1103 2450 1201 2519 supra

194 2535 408 2621 exposuimus,
433 2535 604 2614 mulierum,
628 2535 808 2612 liberorum,
827 2536 987 2623 pecudum
1006 2537 1200 2604 multitudine

194 2638 225 2704 in
242 2639 397 2708 bleldavie
417 2642 535 2720 relicta,
559 2642 723 2728 regionem
745 2642 825 2707 inter
839 2641 1015 2708 Danubium
1040 2653 1071 2707 et
1085 2644 1201 2711 Tisium

193 2743 420 2814 duvios-sitem
444 2747 545 2815 effuse
569 2748 730 2834 diripiunt,
754 2749 896 2835 Symeon
920 2747 1121 2832 Bulgurorum
1146 2767 1201 2814 rex

193 2851 330 2918 minutas
359 2852 403 2920 ob
431 2873 563 2934 causas,
597 2874 680 2940 quae
712 2851 952 2939 a‘lheophsnis
982 2853 1201 2917 continuatore

195 2956 374 3023 indicantur
391 2959 431 3045 ⁸),
468 2961 619 3037 Graecos
644 2958 729 3025 bello
752 2959 866 3035 illato,
886 2976 1017 3044 prorsus
1040 2957 1069 3020 iu
1096 2956 1200 3043 lugam

196 3064 361 3130 convertit.
408 3066 521 3151 Pagius
541 3067 568 3150 ⁶)
590 3064 671 3130 hanc
695 3065 938 3152 expeditionem,
962 3063 1051 3150 cujus
1075 3075 1202 3150 tempus

195 3167 337 3255 inprimis
366 3182 516 3237 accurate
541 3169 754 3238 definiendum
780 3183 843 3247 est,
875 3192 903 3237 a.
927 3169 992 3236 893
1016 3178 1203 3256 susceptam

196 3292 272 3340 esse
294 3272 462 3342 arbitratus
484 3287 549 3352 est,
578 3277 696 3364 llrugio
722 3280 762 3362 ⁷),
794 3297 889 3365 quem
913 3274 999 3340 multi
1023 3275 1072 3340 alii
1101 3276 1202 3343 secuti

197 3389 286 3453 sunt,
316 3380 398 3447 hunc
429 3381 584 3450 calculum
614 3383 752 3450 relutare
782 3401 963 3470 annumque
985 3379 1053 3449 888
1077 3400 1201 3470 pro'eo

196 3542 396 3554 —a—.

270 3631 295 3693 tl
331 3631 406 3688 Pertz
425 3633 469 3682 SS.
487 3632 507 3691 1,
527 3636 568 3682 tt.

267 3720 295 3780 t)
331 3720 426 3773 Herim.
447 3721 544 3770 Chrou.
561 3733 584 3772 a.
606 3725 665 3770 896.
704 3719 827 3770 Arnullus
848 3721 999 3782 imperator,
1021 3717 1136 3782 quodem
1156 3730 1203 3768 es·

196 3807 283 3858 dllicio
301 3809 424 3871 cadente,
444 3822 505 3860 oum
519 3809 605 3858 multis
624 3808 679 3857 aliis
695 3810 810 3872 graviter
823 3811 964 3858 conterens
977 3817 1084 3868 corpus,
1103 3805 1203 3856 cecidit.

270 3899 297 3955 a)
333 3897 380 3948 Die
400 3901 442 3946 2⁰.
459 3896 600 3946 Novembr.
621 3910 655 3945 m.
674 3896 707 3946 ibi
729 3897 846 3946 chartam
866 3897 938 3945 dedit
957 3894 1047 3954 (Hund
1066 3893 1204 3956 metropol.

196 3984 337 4048 salisburg.
354 3986 396 4035 ed.
413 3985 554 4035 Gewoidus
572 3985 602 4044 ll,
626 3983 700 4046 tot).
772 3985 800 4043 l)
837 3985 901 4033 Anu.
921 3983 999 4044 Fuld,
1020 3985 1079 4033 896.

269 4074 295 4134 5)
334 4074 359 4123 t.
378 4073 417 4122 Vl.
437 4085 459 4122 c.
479 4077 503 4121 9.
521 4072 562 4120 ed.
580 4073 727 4120 Bonnensis
747 4084 772 4132 p.
793 4074 853 4120 eet.

270 4157 296 4224 6)
334 4162 426 4210 critica
446 4161 480 4208 ad
497 4160 636 4209 Beronium
657 4156 697 4218 ΙΙΙ,
719 4162 777 4220 75⁰,
799 4160 858 4208 tet.
940 4174 942 4179 ·

270 4243 296 4313 ll
331 4249 504 4314 Byzaulisclre
523 4247 697 4310 chronologis
716 4258 741 4307 p.
764 4250 796 4295 tt
809 4247 897 4299 wit.
