2796 4958
524 614 599 709 loo

57 822 192 902 Odone',
221 838 318 910 quem
348 818 418 905 ipse
449 815 706 896 confirmaverat,
738 817 781 884 de
802 837 903 906 regno
928 819 1064 906 dejecto,

56 928 190 996 Carolus
214 939 324 994 contra
348 924 539 992 voluntatem
564 945 654 991 suam
675 936 802 992 creatus
820 937 896 1004 erat,
921 928 1064 1016 quamvis

56 1055 144 1123 papa
167 1033 312 1119 Falconis
339 1031 489 1118 precibus
514 1046 616 1099 motus
646 1052 721 1097 enm
752 1044 785 1098 ut
808 1031 911 1099 Caroli
941 1032 1065 1100 orbitati

55 1139 242 1206 subveniret
269 1139 453 1205 adhortatus
482 1150 584 1216 esset,
615 1137 732 1205 eadem
763 1138 898 1205 sortasse
921 1139 1064 1227 epistola,

55 1268 120 1334 qua
145 1248 175 1312 in
190 1247 307 1312 ltaliam
330 1267 404 1311 eum
422 1246 614 1323 invitaverat,
637 1245 784 1312 nonnulla
808 1247 967 1313 eeclesiae
983 1247 1064 1313 Rhe-

58 1353 179 1419 mensis
213 1353 439 1440 possessiones
473 1352 656 1440 occupavit,
691 1372 754 1439 qua
788 1352 1063 1440 arehiepiscopum

56 1479 167 1544 poena
189 1459 334 1524 multaret
357 1464 394 1538 ¹).
439 1459 546 1537 Quare
570 1458 666 1524 Fulco
690 1456 805 1524 eodem
829 1479 911 1525 anno
935 1458 994 1524 sed
1021 1459 1065 1524 in-

55 1577 149 1631 certo
177 1574 323 1652 tempore
354 1565 464 1631 litteris
494 1565 536 1631 ad
566 1584 677 1652 regem
705 1578 845 1630 nostrum
877 1564 957 1631 datis
976 1565 1003 1651 ²)
1027 1586 1064 1631 se

58 1671 91 1736 ei
120 1668 164 1735 de
193 1670 291 1738 Garuli
323 1670 480 1739 electione
516 1672 691 1746 excusavit,
726 1692 821 1758 quem
856 1671 943 1750 „linc
974 1693 1064 1739 more

59 1796 172 1863 regern
199 1775 313 1843 lactum
343 1779 441 1864 ipsius
469 1776 609 1844 fidelitati
642 1787 674 1844 et
705 1778 836 1845 consilio
865 1779 1064 1846 committere

56 1882 242 1961 voluerint,⁴
259 1896 293 1950 ut
325 1883 424 1977 ipsius
456 1883 612 1970 adjutorio
647 1895 679 1950 et
704 1884 836 1952 consilio
865 1895 1005 1950 uteretur
1036 1886 1064 1953 irr

54 1988 214 2067 omnibus,
235 2000 269 2055 et
291 1989 360 2077 ejus
384 1988 575 2056 subderetur
599 1997 750 2068 tam'rer,
770 2012 865 2079 quam
887 1992 1065 2056 universum

54 2116 190 2183 regnum
213 2096 397 2182 praeceptis
419 2108 451 2162 el
474 2094 753 2163 ordinationibus.'’
795 2096 946 2162 Relutavit
966 2116 1064 2181 porro

56 2221 220 2280 rumores,
250 2222 332 2288 quos
362 2202 499 2269 nonnulli
529 2201 642 2268 sedulo
671 2212 870 2289 sparserant,
900 2223 936 2268 se
961 2201 1065 2269 Caroli

54 2308 221 2375 creatione
248 2317 414 2394 praetexta
445 2307 542 2374 modo
566 2307 691 2375 Widoni
715 2329 847 2396 regnum
872 2329 985 2395 parere
1009 2330 1066 2375 vo·
1140 2355 1142 2359 «

55 2414 154 2480 luisse
178 2425 275 2502 atque
299 2413 383 2480 illum
407 2435 471 2481 non
494 2414 666 2502 legitimum
689 2415 839 2482 ludovici
861 2415 945 2482 Balbi
968 2415 1064 2481 filium

54 2540 131 2586 esse
154 2521 215 2586 sed
239 2539 371 2606 puerum
395 2519 556 2609 quendam
580 2521 790 2609 suppositum,
813 2532 845 2586 et
867 2522 981 2588 Arnulfi
1005 2544 1065 2610 pro

55 2645 98 2692 eo
119 2624 372 2691 benevolentiam
396 2638 526 2712 captare
550 2628 683 2703 studuit,
712 2627 765 2715 qui
785 2628 857 2714 jore
878 2650 982 2695 rerum
1008 2650 1066 2715 po·

56 2731 130 2797 titus
155 2741 250 2797 esset.
304 2732 382 2797 Cum
406 2734 507 2812 enim,
533 2735 589 2812 ait,
618 2733 693 2810 „ille
717 2742 837 2799 tantum
861 2735 1010 2820 princeps
1033 2748 1066 2800 et

57 2836 111 2903 hic
149 2857 266 2924 parvus
301 2838 497 2926 propinquus
528 2861 606 2905 suus
637 2838 769 2905 Carolus
801 2837 843 2904 de
871 2848 937 2905 tota
967 2839 1065 2924 regali

56 2944 156 3030 stirpe
178 2944 401 3021 remanserint,
433 2943 612 3032 perpendat
642 2943 718 3032 quid
743 2944 927 3032 contingere
956 2946 1065 3032 possit,

56 3049 84 3114 si
112 3069 185 3114 eum
217 3047 343 3116 debitus
370 3053 491 3117 cunctis
519 3072 613 3118 casus
643 3053 880 3138 repoposcerit:
915 3070 987 3118 cum
1019 3062 1067 3118 tot

52 3154 121 3241 Jam
145 3153 237 3220 alieni
260 3177 281 3223 a
303 3157 403 3244 stirpe
427 3158 574 3237 existant,
600 3172 631 3225 et
653 3157 760 3224 adhuc
783 3158 844 3224 siut
867 3158 988 3246 plures,
1013 3161 1065 3246 qui

55 3260 117 3327 sibi
138 3261 261 3348 regium
285 3285 401 3329 nomen
425 3262 607 3330 affectent.”
660 3267 736 3332 Post
758 3264 879 3351 pascha
903 3265 973 3330 amri
998 3263 1065 3328 894

54 3368 124 3447 (at.
148 3370 250 3448 liert.)
283 3369 367 3437 bello
400 3391 508 3435 rursus
539 3370 788 3447 exardescente,
823 3368 897 3434 Odo
927 3368 1065 3434 Rhemos

55 3474 137 3542 vallo
155 3475 305 3564 iussaque
329 3477 581 3542 circumveniens
596 3477 741 3542 Carolum
767 3477 809 3542 ibi
833 3483 1009 3540 morantem
1032 3487 1066 3539 ut

56 3580 99 3647 ad
122 3583 281 3648 Amulium
312 3584 498 3671 confugeret
520 3582 673 3670 compulit
691 3583 727 3667 ⁸).
775 3581 835 3660 Qui
859 3577 1066 3647 Borbetoma-

55 3709 131 3775 gnm
161 3688 191 3753 in
216 3709 386 3776 procerum
418 3677 778 3768 conventum'veniens,
809 3688 932 3776 maguis
957 3709 1067 3753 niune-

55 3794 143 3860 ribus
168 3794 268 3872 datie,
293 3797 376 3882 regis
400 3797 532 3882 gratiam
556 3795 615 3862 sibi
641 3797 818 3863 conciliavit
842 3849 857 3872 .,
867 3815 1064 3882 regnumque

54 3900 144 3989 qnod
167 3915 375 3989 usurpaverat
399 3922 438 3967 er
462 3903 530 3988 ejus
555 3924 649 3968 manu
674 3905 819 3991 percepit
837 3903 895 3989 ⁴).'’
949 3901 1065 3966 Contra

129 4181 154 4250 t)
194 4186 332 4238 Ftod.l.l.
425 4187 452 4250 Ξ)
488 4187 619 4248 Flod.1V,
642 4193 665 4238 5.

128 4273 154 4333 3)
189 4276 352 4339 dnml'ed,
374 4278 432 4325 aet.
504 4276 528 4336 l)
564 4276 626 4338 Reg.
647 4279 705 4338 893,
727 4275 894 4339 Ann.Frrld.‚
915 4277 973 4324 894.
