2796 4958
676 650 725 714 78

198 816 358 887 decimam
383 830 506 906 partem
530 819 649 897 tributi,
681 840 777 907 quem
802 820 884 887 Slavi
908 822 939 888 in
963 814 1094 892 Francia
1116 826 1204 893 ocei-

199 927 316 1002 dentali
341 924 518 992 habitantes
548 926 638 1013 regio
668 924 749 994 fisco
779 926 1004 1009 conserebant,
1035 930 1206 999 confirma·

197 1032 249 1099 rit.
272 1067 311 1082 -
1008 1068 1011 1073 ·
1040 1067 1043 1071 ·

289 1139 484 1224 Priusquam,
509 1157 593 1224 quac
616 1137 733 1205 deinde
758 1140 787 1204 in
813 1139 982 1208 Germania
1008 1140 1204 1217 acciderunt,

200 1242 440 1333 persequamur,
464 1241 506 1309 de
526 1245 667 1331 Ungaris,
690 1266 823 1334 qnorum
848 1247 1203 1315 commemorandarum

199 1353 283 1418 hanc
301 1354 439 1438 primam
462 1349 668 1416 occasionem
692 1353 911 1429 nanciscimur,
942 1353 1042 1423 fusius
1064 1355 1204 1421 dissera-

199 1480 270 1527 mus
295 1454 433 1523 necesse
454 1467 512 1521 est
560 1456 637 1522 Cum
669 1469 774 1522 antem
799 1478 1072 1546 supervacaneum
1105 1473 1138 1526 et
1160 1461 1204 1525 in-

199 1566 273 1632 utile
296 1564 393 1640 foret,
423 1561 590 1649 deprime
614 1582 724 1628 eorum
748 1562 850 1650 patria
872 1564 1014 1632 nondum
1038 1567 1203 1654 explorata

199 1692 349 1759 magnum
373 1670 627 1755 conjecturarum
656 1689 830 1749 numerum,
859 1670 1019 1740 hocloco
1043 1693 1127 1741 nora
1149 1673 1202 1739 ali·

199 1799 262 1866 qua
291 1794 474 1862 angere-
508 1775 561 1862 qni
592 1793 727 1861 campus
756 1775 948 1864 etymologis
976 1780 1083 1866 potius
1110 1778 1200 1849 reliu-

200 1892 373 1971 quatur-
398 1879 439 1946 ab
470 1899 510 1945 ea
531 1891 624 1957 terra,
655 1901 750 1968 quam
774 1881 997 1950 Constantinus
1020 1883 1203 1974 Porphyro·

200 1988 324 2076 genitus
346 1986 486 2053 ultimam
511 1998 584 2053 ante
608 1988 799 2054 Pannoniam
823 1990 963 2055 invasam
988 1989 1089 2057 abiis
1113 1987 1201 2055 babi-

199 2105 294 2161 tatam
318 2091 415 2160 fuisse
439 2105 550 2180 aperte
575 2093 706 2171 indicat,
737 2092 832 2159 ordiri
856 2095 957 2162 malui.
1004 2097 1095 2162 Hanc
1119 2095 1201 2162 enim

199 2216 231 2270 et
254 2199 390 2269 eandem
415 2219 498 2278 esse,
530 2220 625 2288 quam
650 2220 710 2266 suo
731 2209 879 2287 tempore
902 2202 1093 2268 Patzinacae
1115 2199 1202 2266 cole

197 2319 269 2376 rent
290 2309 324 2392 ¹),
348 2318 380 2372 et
403 2327 442 2371 en
466 2303 630 2372 lluriorum
653 2306 907 2393 percurrentium
937 2307 1118 2380 nominibus
1141 2328 1202 2394 ap-

198 2414 345 2502 pellatam
359 2431 433 2477 esse
453 2415 484 2489 ¹)
506 2409 592 2477 dicit.
639 2413 729 2489 Quos
748 2431 820 2482 cum
834 2413 956 2484 Barucb
979 2416 1085 2502 (Bag),
1109 2413 1199 2481 Cubu

197 2519 314 2608 (Cufis),
337 2516 472 2582 Troilum
489 2517 644 2602 (Dniestr),
668 2518 796 2583 Brutum
815 2518 942 2606 (Proth),
965 2520 1112 2586 Seretom
1128 2519 1201 2607 (So-

196 2626 277 2712 retb)
311 2634 419 2701 vocet,
456 2624 692 2690 Patzinacarum
722 2643 799 2690 vero
835 2623 934 2690 sedes
975 2645 993 2691 a
1023 2627 1201 2693 Durostoro

196 2735 319 2817 (Ilistra,
343 2730 490 2809 Silistria)
511 2728 553 2795 ad
569 2728 747 2795 Danubium
765 2731 825 2796 sito
848 2750 951 2818 usque
973 2729 1013 2796 ad
1035 2732 1201 2802 castellum

195 2838 307 2906 Sarkel
331 2838 359 2901 in
384 2836 452 2923 ripa
475 2836 621 2902 Tanaidis
650 2833 733 2900 lluvii
755 2855 815 2923 per
842 2834 886 2902 60
909 2835 1032 2903 dierum
1064 2839 1124 2904 iter
1145 2858 1203 2903 ex-

195 2962 303 3013 tensas
328 2963 402 3009 esse
432 2940 550 3008 celerat
569 2941 611 3028 ⁸),
642 2944 786 3029 Ungaros
818 2941 1049 3009 occidentalem
1079 2953 1201 3009 tantum

194 3053 306 3118 harum
334 3049 499 3135 regionum
529 3060 652 3134 partem
689 3049 704 3113 i.
730 3067 758 3113 e.
788 3067 845 3114 eas
876 3061 990 3127 terras,
1025 3069 1106 3136 quas
1138 3070 1203 3116 nos

194 3156 390 3233 Moldaviam,
406 3154 636 3240 Bessarabiam,
657 3151 854 3219 Chersonem
868 3157 1076 3233 nominamus,
1099 3175 1200 3223 occu-

193 3265 320 3354 pavisse
344 3272 486 3350 apperel.
535 3265 566 3327 ln
589 3259 773 3335 bisantem,
798 3261 827 3324 in
851 3260 966 3348 quibus
994 3281 1068 3328 cum
1091 3262 1200 3329 Caba-

191 3372 243 3447 nis,
267 3389 330 3439 uno
352 3389 392 3434 ex
415 3377 489 3435 octo
513 3365 725 3433 Cbazarorum
748 3362 894 3432 tribubus
918 3368 1098 3448 commixti,
1119 3388 1195 3455 pas·

191 3479 294 3544 tiones
317 3472 480 3540 habebant
499 3471 544 3557 ⁴),
563 3472 631 3558 jam
654 3480 729 3537 ante
750 3469 783 3536 id
806 3481 950 3559 tempus,
972 3473 1059 3562 qnod
1083 3492 1103 3540 a
1126 3473 1201 3561 ple-1

191 3584 299 3670 risque
322 3601 381 3667 pro
404 3601 482 3647 vero
507 3579 609 3664 accipi
633 3578 730 3656 solet,
759 3576 964 3656 consedisse,
994 3580 1059 3648 Leo
1084 3577 1196 3647 Gram-

191 3688 324 3754 maticus
348 3693 379 3765 ⁶)
412 3697 445 3751 et
476 3685 632 3771 Georgius
667 3683 838 3751 Monachus
861 3685 891 3766 ⁶)
926 3681 968 3750 de
1011 3705 1117 3771 pugna
1153 3683 1194 3750 ad

188 3801 388 3817 μυ·-

262 3847 286 3906 ll
323 3845 361 3896 De
380 3848 477 3897 edmin
496 3849 557 3911 imp.
576 3861 599 3896 c.
618 3851 658 3898 37.

260 3933 285 3993 2)
323 3934 355 3982 ib.
377 3949 399 3985 c
418 3939 448 3984 38
479 3932 494 3984 ὁ
512 3932 562 3985 τῶν
581 3929 776 3995 Παιζινακιιῶν
799 3931 871 3989 τόπος
888 3926 963 3985 ἐν’
939 3953 961 4005 ῳ
981 3931 1019 4018 τῷ
1032 3932 1085 3986 τότε
1108 3932 1195 4020 καιρῷ

187 3999 338 4070 xuuianur
357 4004 384 4056 ni
401 4002 521 4076 Τοῦρκοι,
541 4007 655 4056 καλεῖται
673 4000 738 4056 κατὰ
757 3997 801 4072 τὴν
815 4006 970 4072 ἐπωνυμίαν
984 4023 1034 4059 των
1050 4001 1165 4058 tuin
1147 4023 1192 4057 or·

185 4088 235 4121 των
255 4070 386 4143 ποταμῶν.

258 4157 283 4221 a)
322 4161 357 4210 ih.
377 4176 399 4212 e.
421 4166 460 4210 ta.
534 4162 558 4223 t)
595 4162 732 4214 ibose.
805 4158 831 4227 t)
868 4164 909 4212 eri.
930 4163 1191 4226 conuenerant.

257 4241 282 4310 o)
322 4248 355 4297 de
376 4245 502 4300 lllichaele
521 4253 546 4298 el
565 4251 703 4299 Theodora
723 4263 745 4300 c.
766 4252 788 4298 8.
1201 4266 1204 4271 ·
