2796 4958
329 817 410 886 puro
435 805 576 884 putoque
599 794 685 861 sonte
708 794 833 877 imbuti,
856 797 971 865 nullam
990 800 1057 888 jam
1081 802 1240 875 baberent
1261 827 1345 877 cau-

274 978 277 984 ,
328 925 398 971 sam
422 923 480 968 cur
502 902 635 988 imperio
654 902 844 969 Francorum
868 905 898 971 in
922 919 1031 994 partes
1053 908 1175 981 divulso
1198 935 1239 982 ae
1262 916 1344 983 sub·

325 1012 463 1098 jiccrent
492 1028 598 1096 neque
624 1007 831 1095 jurajuranda
856 1011 1013 1082 Ratislavo
1043 1017 1072 1082 vi
1095 1029 1218 1088 extorta
1242 1021 1341 1089 ullam

329 1119 392 1183 vim
423 1114 542 1181 babere
576 1135 684 1201 posse.
742 1116 1042 1211 Quomodocunque
1076 1145 1129 1191 res
1162 1146 1199 1192 se
1229 1125 1341 1205 babet,

327 1225 389 1292 boc
423 1234 511 1290 certe
542 1219 677 1287 dubitari
710 1224 831 1311 nequit,
865 1225 938 1314 quin
974 1227 1092 1296 bellum
1128 1230 1170 1299 ab
1202 1235 1337 1303 dmuiio

326 1343 436 1398 contra
461 1330 605 1395 Moravos
628 1343 814 1416 susceptum
838 1353 901 1398 nnn
925 1332 1026 1400 simile
1050 1334 1142 1402 fuerit
1164 1339 1337 1408 multorum

218 1505 220 1510 ,
325 1438 546 1514 certaminum,
576 1455 659 1524 quae
683 1449 794 1504 contra
817 1438 931 1506 Siavos
953 1452 1056 1507 terras
1078 1443 1159 1510 inter
1175 1445 1279 1512 Albim
1304 1459 1337 1515 et

312 1544 455 1612 vViadum
481 1540 593 1609 fluvios
625 1543 769 1610 colentes
799 1543 948 1612 continuo
971 1547 1240 1632 conserebantur,
1271 1552 1333 1620 sed

323 1650 542 1719 dimicationes
565 1650 670 1736 potius
694 1650 829 1718 duorum
853 1673 1024 1741 regnorum
1047 1657 1115 1742 pari
1143 1676 1249 1743 paene
1272 1679 1333 1748 pc-

322 1767 438 1825 te-statc
477 1755 708 1841 praeditorum,
751 1779 836 1845 quaa
871 1759 970 1826 altero
1006 1760 1138 1828 aiterum
1179 1773 1331 1853 tangente

322 1865 429 1954 quiete
453 1860 551 1950 agere
574 1881 637 1927 non
660 1873 846 1949 potuerunt,
877 1864 992 1954 quibus
1021 1866 1085 1934 fato
1118 1867 1260 1957 quodam
1284 1871 1331 1938 in-

320 1983 393 2039 nata
424 1981 519 2058 atque
553 1967 646 2034 insita
677 1983 746 2037 crat
779 1971 936 2059 cupiditas
973 1972 1054 2038 inter
1082 1994 1118 2041 se
1151 1996 1257 2064 usque
1286 1979 1329 2046 ad

319 2077 447 2146 alterius
482 2075 638 2141 interitum
674 2074 877 2164 digladiandi.
934 2079 1085 2158 Quamvis
1118 2081 1212 2169 igitur
1240 2083 1328 2150 unde

317 2182 521 2252 tuncbeilum
544 2203 691 2249 exorsum
713 2185 966 2273 sit-ignoremus,
988 2206 1072 2274 quae
1094 2187 1124 2252 in
1143 2188 1326 2256 universum

317 2311 416 2360 causa
439 2288 578 2356 bellandi
602 2289 701 2368 fuerit,
725 2291 924 2357 manifestum
945 2302 1000 2356 est
1035 2294 1103 2359 Nec
1121 2292 1275 2379 Reginoni
1297 2300 1326 2374 ¹)

317 2398 359 2465 da
393 2395 491 2463 rebus
522 2395 726 2463 orientalibus
759 2396 949 2486 pierumque
984 2394 1127 2482 pessime
1160 2396 1324 2481 instructo,

313 2523 448 2592 prorsus
480 2500 563 2568 fides
593 2514 642 2568 cst
673 2500 858 2580 tribuenda,
893 2500 1057 2580 referenti,
1090 2501 1216 2569 Arnuiio
1248 2524 1322 2572 cum

313 2607 509 2695 Suatopiuco
532 2619 626 2674 antea
650 2620 768 2676 tantam
790 2609 958 2674 amicitiam
980 2608 1210 2688 intercessisse,
1233 2622 1269 2677 ut
1292 2613 1323 2679 ei

314 2714 499 2782 Bobemiam
530 2735 589 2780 sua
618 2726 734 2800 sponte
765 2712 899 2781 cederet
928 2724 960 2779 et
989 2712 1052 2779 filio
1087 2734 1206 2781 nomen
1241 2718 1321 2806 ejus,

299 2821 366 2911 ·qui
389 2822 562 2908 compatris
585 2820 690 2887 iocum
709 2821 737 2908 ²)
760 2818 907 2897 tenebat,
930 2817 1063 2886 inderet.
1116 2820 1194 2887 Cum
1217 2825 1322 2891 Zuen-

309 2927 457 2995 tebaldus
487 2928 601 2996 nothus
635 2927 722 3014 regis
756 2925 837 2992 iilius
866 2947 893 2993 a.
923 2924 990 2992 893
1013 2926 1081 3013 jam
1112 2925 1237 2995 adultus
1268 2951 1320 2999 es·

244 3079 246 3085 -
308 3045 359 3101 set
375 3032 419 3118 ⁸),
449 3053 523 3099 eum
546 3053 573 3100 a.
596 3032 664 3098 870
686 3018 881 3118 baptizatum
902 3032 1000 3098 fuisse
1024 3028 1232 3116 crediderim,
1256 3059 1319 3107 eo-

308 3139 383 3205 dem
405 3139 489 3204 enim
510 3158 602 3212 anno,
626 3158 691 3227 quo
714 3138 927 3225 Suatoplucus
950 3135 1075 3225 perfide
1099 3141 1192 3207 amici
1220 3144 1318 3212 Fran-

306 3263 418 3310 corum
441 3264 613 3331 personam
637 3264 737 3332 agens
759 3241 947 3310 avunculum
964 3253 996 3310 et
1013 3245 1157 3330 patriam,
1179 3247 1316 3319 foedere

304 3351 403 3428 iacto,
428 3349 660 3418 Carclomauno
682 3347 823 3436 prodidit
841 3349 876 3436 ⁴).
930 3347 1112 3416 Bobemiam
1132 3371 1211 3421 vero
1234 3377 1315 3423 nun-

304 3477 399 3546 quam
418 3457 553 3524 Moravis
575 3455 721 3522 traditam
745 3455 892 3543 proprios
910 3475 1041 3543 semper
1058 3455 1211 3526 babuisse
1227 3462 1315 3548 priu-

303 3563 392 3648 cipes
423 3575 519 3652 atque
548 3563 627 3629 ultro
657 3562 725 3648 regi
757 3583 868 3629 eorum
898 3561 987 3649 quasi
1018 3571 1154 3648 patrono
1179 3575 1211 3632 et
1233 3565 1312 3635 belli

301 3668 374 3737 duci
396 3689 434 3736 se
456 3669 652 3758 subjecisse,
682 3666 861 3758 Palackyus
879 3667 906 3755 ⁵)
931 3686 971 3733 ex
993 3667 1151 3736 caudium
1174 3671 1312 3741 Fulden·

437 3973 550 4023 cosmae
570 3969 666 4020 chron.
686 3969 853 4031 Boemorum,
875 3969 893 4032 l,
909 3985 931 4022 c.
947 3974 989 4021 tt.
1007 3968 1097 4034 (Perta
1112 3972 1156 4024 SS.
1171 3970 1215 4037 lx,
1236 3969 1292 4040 tt.)

435 4062 461 4111 b.
480 4075 502 4111 a.
522 4072 582 4109 cum
602 4059 763 4108 exercituin
784 4058 880 4108 ltaliam
898 4060 997 4109 missus
1017 4065 1066 4111 est.

431 4148 498 4199 dnn.
516 4145 597 4206 fuld..
618 4149 677 4197 87⁰.

435 4233 454 4297 t,
477 4237 525 4285 ttt
546 4233 592 4284 cir.
610 4235 677 4286 driu.
695 4234 776 4298 Fntu,
797 4239 857 4286 tet.
