2796 4958
556 633 617 697 23.

74 805 132 870 sod
158 827 230 872 cum
254 805 383 891 publice
403 807 504 869 Deum
522 802 680 868 obtestata
699 800 904 872 confirmaret
920 794 958 870 se
975 819 1081 886 neque

73 930 145 975 curn
169 912 376 996 imperatore,
400 909 491 995 enjus
514 929 573 994 per
595 906 638 975 25
662 927 765 975 annos
784 909 809 992 ¹)
833 908 950 994 conjux
971 905 1080 981 luerat,

71 1037 179 1103 neque
201 1036 274 1089 euro
299 1017 362 1085 ullu
384 1034 524 1104 unquam
546 1012 606 1078 alio
627 1012 694 1079 viro
714 1012 928 1080 concubuisse
949 1009 1080 1080 erimine

72 1120 217 1187 absoluta
241 1133 290 1187 est
314 1140 353 1191 ae
376 1120 529 1207 reliquam
553 1119 648 1186 vitam
671 1118 712 1184 in.
726 1119 919 1186 munasterio
942 1113 1078 1186 tudela-

71 1225 161 1289 bensi
185 1224 227 1291 ab
251 1228 321 1313 ipsa
339 1235 526 1293 ooustructo
551 1223 638 1310 degit
656 1224 695 1309 ²).
743 1226 860 1292 Postea
879 1224 963 1294 haer
986 1220 1079 1308 virgi-

71 1330 148 1394 nalis
172 1331 352 1422 imperatrix
374 1332 457 1398 siout
478 1340 591 1407 saneta
613 1329 730 1403 lamina
751 1327 884 1395 adorata
906 1338 966 1407 est,
988 1347 1076 1398 eam-

71 1456 134 1520 que
156 1436 236 1521 ignis
255 1436 416 1522 judicium,
441 1434 527 1520 quod
552 1433 660 1499 subire
683 1443 832 1520 prorupta
851 1433 959 1510 tuerat,
982 1432 1077 1501 mira-

70 1541 142 1606 culo
166 1541 357 1610 ineolumem
381 1539 583 1614 toleravisse,
607 1537 743 1604 nonnulli
767 1536 923 1603 linxerunt
939 1541 975 1623 ⁸).
1016 1539 1076 1602 lle-

71 1645 119 1728 gis
143 1665 237 1720 voro,
267 1645 318 1736 qui
343 1654 416 1730 post
448 1642 573 1729 nuptias
598 1662 675 1710 oum.
693 1642 807 1729 pellice
831 1644 918 1712 coire
941 1641 1076 1720 solebat,

71 1748 278 1817 abstinentiae
309 1760 415 1816 votum
440 1747 602 1836 qnodtlam
632 1769 763 1817 oausam
792 1747 898 1820 luisse
919 1767 959 1817 ex
980 1747 1075 1812 Hine-

70 1874 158 1919 maro
189 1860 325 1925 tortasse
358 1853 595 1941 conjiciendum
622 1866 679 1922 est.
736 1855 814 1923 llam
845 1873 918 1920 eum
942 1852 1075 1921 Carolus

69 1959 163 2024 etiam
188 1960 295 2047 regius
319 1960 458 2026 bonores
481 1962 623 2031 nondum
646 1960 785 2048 adeptus
806 1960 935 2046 saepius
960 1960 1072 2029 morbo

69 2065 193 2141 terribili
218 2065 392 2144 laboraret.
424 2066 515 2151 cujus
537 2077 702 2136 auctorem
727 2065 895 2138 diabolum*
910 2066 958 2130 rel
982 2065 1074 2152 spiri-

67 2179 132 2232 turn
158 2169 426 2255 malignumesse
449 2170 559 2256 vulgus
584 2170 796 2250 existimabat,
821 2193 871 2236 eo
891 2181 1021 2242 vexatus
1044 2192 1074 2236 a.

69 2273 196 2358 873³),
219 2286 310 2360 patre
334 2273 494 2365 fratreque
520 2276 757 2360 praesentibus,
782 2297 818 2343 se
842 2275 1004 2354 „seculum
1028 2276 1086 2349 dia.

70 2379 210 2443 mittere‘
234 2380 263 2463 (i.
286 2398 313 2444 e.
338 2379 528 2449 monachum
552 2380 632 2466 fieri)
656 2381 735 2446 velle
758 2392 790 2446 et
810 2401 960 2458 „uxorern
982 2403 1076 2449 suam

67 2485 184 2549 carnali
206 2485 402 2554 commercio
425 2506 490 2551 uon
504 2487 717 2572 ,contingere‘
741 2485 942 2566 exclamauit3
972 2487 1076 2569 idemq

67 2611 129 2676 que
154 2589 269 2656 mulum
293 2589 416 2657 orando
440 2600 472 2656 et
496 2591 655 2658 ecelesiae
674 2589 851 2659 commodis
869 2591 1072 2659 inserviendo

68 2707 212 2761 avertere
257 2693 407 2768 tentabat,
464 2697 553 2769 Nunc
589 2698 696 2783 igitur¹
732 2708 901 2784 postquam
938 2697 1073 2769 duorum

140 2865 172 2936 1)·
200 2860 332 2922 lllnomnr.
358 2886 379 2922 a
407 2877 457 2922 883
482 2873 667 2936 „Huduwieus
687 2898 723 2909 -
742 2874 833 2926 relicto
858 2876 885 2924 in
910 2876 997 2944 patria
1021 2875 1072 2925 fillo

67 2957 176 3018 Carolo,
203 2961 327 3020 quonlam
350 2972 436 3021 nuper
458 2958 568 3012 uxorem
586 2959 735 3026 Eroangarii
760 2964 861 3013 ooruitis
880 2959 959 3014 liliam
983 2965 1082 3014 duxe'-'

65 3041 140 3095 rat.“
174 3046 204 3094 ln
222 3050 326 3098 statutis
344 3047 466 3100 rubuere
483 3049 666 3102 Andlaviensis
686 3051 848 3111 (Grandldler
865 3052 896 3113 ll,
918 3051 978 3112 stt)
997 3064 1072 3102 oom-

67 3139 228 3197 rnemoratur
248 3135 404 3189 alliebarda
423 3138 543 3201 „genitor
553 3137 782 3203 Herebangurlus⁸‘
802 3139 833 3192 el.
846 3139 912 3203 Dipl.
927 3153 970 3204 ap.
985 3142 1081 3197 Grou-‚

67 3222 150 3271 uruter
167 3217 197 3283 11,
218 3224 268 3270 251
290 3220 437 3283 (boehmer,
458 3216 530 3287 soa).
548 3250 581 3261 -

139 3308 163 3368 2)
200 3309 317 3359 ludelau
336 3311 363 3380 in
380 3307 476 3361 Alsatiu
494 3312 824 3376 Herimannusbuglensis
844 3328 867 3363 a.
888 3317 948 3376 887,
974 3316 1072 3379 Regino

68 3400 117 3445 883
138 3396 276 3459 Reginonis
301 3397 334 3447 de
352 3399 479 3449 Richards
502 3401 617 3472 napratio
637 3401 698 3449 mihi
722 3415 827 3465 quoque
847 3389 927 3456 dubia
946 3404 988 3451 est
1005 3404 1072 3464 visa,

67 3484 116 3532 sed
143 3485 204 3532 nibil
228 3487 292 3532 certi
316 3478 452 3536 enuoleurl'
472 3490 571 3551 potest.
600 3488 646 3538 olr.
666 3485 769 3538 Wenok
796 3489 837 3539 dio
856 3470 1079 3554 Erbebuu'g'Arf.

67 3570 135 3620 nolis
155 3585 182 3633 p.
208 3574 248 3618 19.
347 3563 350 3571 ¹
520 3568 523 3574 '
596 3567 601 3574 ’
823 3575 825 3585 “
887 3558 892 3572 ”
942 3564 946 3575 ’
1039 3562 1042 3572 ’

140 3656 164 3722 3)
202 3658 325 3722 Legenda
343 3663 375 3709 st.
394 3661 528 3712 Richardis
548 3676 590 3724 ap.
612 3650 767 3712 Grandidier
793 3654 902 3712 histoire
925 3663 959 3714 de
978 3663 1072 3728 l'eglise

66 3748 100 3795 de
119 3746 278 3810 Strusbourg
295 3745 325 3805 ΙΙ,
345 3739 432 3796 CCCX
451 3743 602 3812 „cereatuin
622 3751 756 3799 camisiam
775 3751 798 3799 ei
817 3751 851 3799 ad
871 3742 959 3802 autern
977 3741 1072 3802 ibdue-

66 3841 138 3893 runt,
159 3829 229 3882 etin
254 3837 267 3884 t
286 3832 405 3896 partibus
424 3836 508 3897 ipsam
527 3838 711 3888 incenderunt.
753 3828 815 3900 Ipsa
833 3851 898 3908 verp
919 3843 995 3913 quasi
1014 3843 1072 3892 ovis

67 3922 280 3973 mansuetissima
298 3921 436 3972 immobilis
455 3926 541 3988 stetit,
565 3927 592 3975 et
610 3926 682 3994 ignis⁴
696 3925 818 3979 divinitus
837 3929 879 3977 est
897 3910 1032 3979 extinctus
1046 3931 1074 3978 et

66 4010 91 4056 iu
111 4007 181 4057 nullo
201 4022 258 4058 earn
279 4009 383 4059 laedere
402 4007 522 4085 potuit.‘⁴¹
536 4036 572 4047 -
1010 4076 1013 4085 ¹

140 4089 164 4155 t)
202 4096 267 4143 Auu.
286 4094 360 4146 Fora·
378 4112 400 4147 a.
421 4103 470 4148 873
491 4096 577 4162 [Pertz
596 4100 642 4149 SS.
660 4095 683 4160 l,
702 4087 772 4165 385),
794 4102 861 4151 bun.
880 4098 1033 4173 Xanlonses
1049 4088 1072 4154 a.

68 4185 118 4229 373
137 4177 222 4244 (Pertz
243 4181 289 4233 SS.
308 4185 336 4246 ll,
361 4180 432 4252 333),
451 4187 580 4237 llinomar.
601 4200 625 4237 a.
644 4190 703 4260 833Ἶ
896 4174 899 4181 ’
