2796 4958
313 789 434 855 illorum
455 786 625 857 hominum.
647 784 700 872 qui
724 785 891 874 usquead
915 808 988 853 eum
1008 786 1104 853 finem
1129 788 1254 874 imperii
1280 787 1334 853 la-

312 895 433 961 befacti
456 892 646 959 adminicula
670 880 793 958 luerent
816 912 874 958 sua
898 894 1066 980 prudentie
1090 893 1347 981 regis'oonsilii·

315 1001 452 1087 inopiam
477 997 682 1083 obtegentes,
706 998 785 1063 alter
807 999 949 1066 Lutetiae
962 1010 991 1065 'a
1012 1000 1203 1066 llormannis¹
1225 999 1334 1064 truoi-

315 1105 408 1171 datus
432 1105 511 1170 alter
534 1104 564 1167 in
580 1103 721 1169 exsilium
742 1104 858 1169 missus
878 1115 936 1183 est,
959 1105 1152 1192 imperatore
1177 1105 1334 1190 „grauis-

315 1212 396 1276 sima
411 1209 623 1276 ·inlirmitate‘‹‘
654 1221 685 1276 et
708 1210 853 1296 eorporis
885 1221 916 1276 et
943 1211 1037 1275 animi
1061 1211 1177 1278 affeetu
1200 1209 1244 1295 ¹),
1278 1210 1336 1275 via

316 1317 405 1402 quasi
437 1328 548 1402 aperta
578 1315 741 1394 seditioni,
778 1337 874 1408 quam
909 1316 995 1396 multi
1022 1317 1088 1405 jam
1124 1327 1333 1412 exoptarunt,

317 1421 391 1488 data
415 1417 472 1487 est.
495 1458 539 1473 --
797 1413 800 1421 ’
1027 1413 1034 1420 '⁴

402 1530 425 1594 A
459 1548 522 1615 qua
556 1539 647 1614 parte
680 1527 829 1593 uniuersa
864 1528 1002 1594 delectio
1038 1528 1155 1593 initium
1188 1526 1334 1613 ceperit,

316 1642 420 1698 utrum
449 1634 697 1721 aprooeribus,
728 1634 782 1721 qui
812 1634 980 1710 „videmos
1011 1633 1209 1720 imperatoris
1241 1635 1337 1700 vires

316 1738 357 1805 ad
381 1740 559 1826 regendum
580 1737 748 1825 imperium
770 1736 925 1804 invalidas
933 1746 949 1777 ‘⁸
969 1738 1005 1820 ²),
1031 1738 1147 1806 ducem
1173 1739 1335 1805 Curinthi·

209 1907 214 1914 ,
317 1868 393 1910 num
416 1847 497 1911 ultro
521 1844 712 1921 vocaverint,
734 1864 818 1931 quae
842 1844 1073 1931 estltoginonis
1098 1846 1205 1932 opinio
1224 1843 1264 1930 ⁸),
1292 1866 1336 1922 an

320 1952 361 2018 ab
385 1952 520 2029 Arnullo,
542 1971 681 2039 quooum
706 1949 902 2016 liutwardus
923 1948 964 2015 ad
989 1970 1060 2015 eum
1084 1946 1275 2038 confugiens
1301 1952 1335 2022 in

317 2079 430 2144 regem
455 2056 669 2144 dejiciendum
694 2055 932 2142 conspiraverit,
957 2067 991 2120 ut
1014 2057 1170 2122 annalium
1184 2039 1336 2122 'Fuldem

318 2165 399 2229 sium
424 2161 506 2250 pars
523 2165 559 2227 lll
581 2161 690 2227 testari
713 2160 838 2228 videtur
858 2166 897 2240 ⁴),
924 2162 955 2226 in
980 2161 1089 2228 medio
1112 2163 1337 2249 relinquamus

320 2279 455 2355 oportet.
502 2270 571 2333 lloe
594 2269 621 2332 si
651 2287 760 2332 verum
790 2287 864 2332 esse
892 2266 1156 2354 judicaverimus,
1190 2259 1337 2341 fortasse

320 2374 433 2460 aliquis
457 2372 672 2459 interrogabit,
696 2393 753 2447 our
767 2372 987 2438 Carolomanni
1011 2373 1092 2439 lilius
1113 2385 1248 2440 mortem
1276 2395 1338 2440 ae-

321 2480 402 2566 groti
426 2479 527 2566 patrui
550 2479 763 2566 propinquam
786 2499 850 2544 non
874 2481 1116 2565 exspectaverit,
1140 2490 1213 2566 post
1233 2500 1337 2568 quam

320 2596 420 2660 toturn
445 2583 578 2672 regnum
601 2583 644 2649 ad
667 2581 705 2650 s'e
727 2594 868 2664 transeat
891 2572 1029 2652 neeesse
1052 2580 1150 2670 luerit
1188 2584 1244 2650 Alii
1267 2585 1337 2654 alio

322 2690 421 2758 modo
443 2690 537 2777 hujus
559 2690 605 2756 rei
631 2708 746 2754 causus
770 2689 936 2776 anquirere
961 2691 1083 2770 conati,
1116 2688 1231 2756 Carolo
1255 2710 1337 2776 pru·

321 2798 462 2885 positum
482 2797 580 2881 luisse
609 2806 819 2881 censuerunt,
850 2794 901 2872 uel
931 2805 964 2860 ut
987 2795 1204 2880 Bernhardum
1233 2793 1337 2879 lilium

324 2925 416 2971 suum
441 2903 562 2989 imperii
585 2900 741 2980 heredem
765 2901 953 2980 institueret,
983 2901 1071 2988 quod
1094 2912 1188 2973 antee
1211 2921 1239 2965 a.
1262 2901 1337 2976 885,

323 3029 384 3096 per
407 3028 523 3096 papam
549 3026 647 3093 agere
670 3007 813 3077 voluerat
834 3013 872 3084 ⁵),
896 3006 948 3071 vel
969 3019 1003 3070 ut
1026 3005 1225 3084 tudowicus,
1250 3005 1336 3074 lilius

324 3115 473 3202 parvulus
495 3112 748 3200 Ermengapdne,
778 3111 860 3197 tiliae
882 3111 1043 3202 Luqowiai
1068 3113 1091 3177 ll
1122 3111 1338 3214 imperatoris,

325 3258 525 3268 ——n———t

407 3317 433 3382 l)
470 3319 535 3371 Anu.
554 3322 625 3373 Fuld.
642 3321 706 3389 Pars
727 3321 755 3382 V,
776 3334 799 3389 a,
818 3324 877 3370 887.
915 3319 976 3386 Mpx
994 3331 1060 3382 vero
1079 3316 1179 3383 Caesar
1203 3318 1339 3383 gravissi<

325 3425 369 3461 ma
387 3409 534 3459 infirmitate
564 3408 689 3471 detentus
710 3411 758 3467 est.
795 3408 833 3457 Ab
855 3408 896 3474 ίΙΙοΙ
924 3419 987 3470 ergo
1012 3405 1053 3455 die
1078 3408 1130 3467 ete.¹
1151 3403 1249 3465 Regino
1275 3406 1337 3453 887.

325 3499 370 3548 llis
388 3499 423 3546 ita
442 3499 523 3560 gestis
541 3496 688 3558 Imperator
706 3509 818 3559 corpore
838 3499 865 3546 et
883 3497 969 3545 animo
988 3494 1076 3556 eoepit
1093 3493 1238 3555 aegrotare.
1257 3515 1293 3544 -,

400 3585 425 3645 8)
463 3587 527 3652 Ann.
546 3584 653 3650 vedast.
673 3588 773 3655 888714

400 3673 426 3733 8)
462 3672 561 3738 ltegino
574 3675 623 3722 887
639 3673 784 3736 Cernentes
804 3673 954 3742 optimates
973 3683 1028 3726 uun
1046 3669 1127 3736 modo
1143 3667 1216 3725 vires
1235 3679 1338 3735 corpo,

327 3765 377 3824 ris,
399 3775 493 3826 rerum
517 3762 595 3827 etlam
614 3758 693 3826 animi
718 3772 816 3828 sensus
842 3758 877 3817 ah
894 3772 927 3809 eo
947 3759 1086 3825 diffugere,
1112 3751 1248 3823 arnulfum
1268 3754 1338 3804 ultro

328 3851 354 3899 in
373 3862 485 3914 regnum
504 3849 643 3913 attrahunt.
667 3873 700 3884 —

402 3932 426 4001 t)
466 3949 524 3994 ann.
540 3940 589 3986 887
616 3935 674 4000 „ille
694 3932 878 3995 (Liutwardus)
899 3936 925 3997 in
935 3934 1082 3997 Bojoariam
1102 3933 1134 3982 ad
1148 3929 1288 3981 Amulium
1308 3944 1339 3982 ee

329 4026 446 4089 eontulit,
466 4029 571 4078 etcum
590 4037 623 4074 eo
642 4022 785 4079 machinari
810 4022 923 4086 studuit,
948 4023 1059 4087 qualiter
1082 4018 1270 4083 imperatorem
1295 4032 1339 4069 ra·

331 4127 382 4176 gno
394 4096 546 4176 'privaret‘t
567 4137 600 4150 -

403 4201 428 4262 t)
464 4204 530 4252 Anu.
547 4195 620 4250 Fuld.
638 4199 666 4249 P.
687 4199 726 4248 lv.
745 4212 770 4248 a.
788 4201 846 4248 tte.
