2796 4958
340 816 507 905 judiciaria
535 835 638 902 pones
667 815 750 883 duos
780 818 880 895 viros,
907 839 991 905 qnos
1016 819 1161 888 Carcbtn
1190 834 1225 889 et
1246 824 1348 914 Gylan

344 921 558 996 nominabant,
581 931 732 1001 emetat
753 936 880 1010 septem
902 924 951 990 vel
976 937 1052 992 octo
1068 928 1214 1013 singulae
1234 943 1348 1017 gentes

343 1028 386 1095 ad
415 1049 508 1092 suum
539 1047 689 1115 quaeque
716 1029 844 1096 fluvium
866 1030 967 1097 sedes
989 1031 1146 1098 babentes
1168 1034 1212 1100 ud
1236 1035 1349 1102 deleu-

343 1135 468 1200 sionem
490 1144 610 1199 tantum
632 1136 756 1222 patriae
778 1156 817 1201 sc
839 1136 1070 1223 conjungerent
1094 1143 1132 1216 Ι),
1161 1151 1196 1205 et
1217 1141 1348 1228 expedi-

341 1242 447 1306 tiones
477 1254 587 1306 contra
622 1238 770 1310 finitimos
799 1242 935 1328 populos
962 1263 982 1308 a
1005 1243 1136 1330 singulis
1158 1247 1345 1331 agminibus

343 1366 477 1434 quorum
502 1344 638 1412 ducibus
661 1359 746 1415 tauta
767 1347 869 1413 inerat
889 1359 1050 1434 potestas,
1081 1362 1115 1415 ut
1136 1349 1181 1416 ab
1202 1350 1346 1418 hostibus

342 1471 439 1538 reges
463 1471 538 1516 esse
561 1453 770 1519 crederentur
789 1453 832 1538 ²),
861 1453 903 1518 ad
933 1453 1095 1520 libidinem
1118 1457 1241 1542 suscipi
1263 1457 1346 1524 sole·

341 1571 421 1626 rent.
467 1560 573 1625 Duces
596 1557 670 1622 belli
693 1571 800 1626 autem
815 1578 930 1644 graves
955 1558 997 1624 de
1020 1559 1168 1626 militibus
1191 1564 1358 1647 ceperunt

341 1687 473 1753 poenas,
505 1664 627 1750 quiippe
650 1666 703 1751 qui
727 1665 840 1730 timore
864 1664 1087 1750 potiusquam
1111 1686 1224 1732 amore
1254 1688 1345 1755 rege·

341 1758 461 1837 rentur¹
479 1781 511 1835 et
540 1789 581 1834 eu
610 1769 713 1834 multis
743 1769 886 1835 tribubus
915 1767 1042 1835 conllati
1070 1768 1113 1834 ad
1135 1771 1345 1860 transfugien-

341 1877 419 1943 dum
442 1875 533 1942 lacile
556 1874 638 1941 allici
661 1884 794 1960 possent
813 1876 848 1958 ³).
894 1875 1038 1961 ngaros
1052 1894 1131 1941 vero
1153 1875 1216 1942 bac
1239 1891 1344 1946 aetate

340 1982 533 2048 humanioris
562 1981 644 2047 vitae
667 1981 796 2046 omniuo
826 1980 989 2066 imperitos
1019 1980 1117 2047 luisse
1149 2002 1190 2048 ex
1213 2006 1256 2052 eo
1279 2007 1345 2052 ma·

340 2090 423 2156 xime
453 2087 609 2175 sequitur,
641 2086 728 2174 quod
759 2087 869 2152 Leone
899 2097 931 2151 et
961 2087 1125 2173 Reginone
1154 2089 1291 2157 testibus
1310 2094 1344 2176 ⁴).

339 2192 510 2281 magnifico
533 2191 657 2258 vivendi
679 2203 836 2279 apparatu
866 2213 998 2280 prorsus
1022 2205 1217 2281 contempto,
1247 2197 1343 2264 bosti

339 2300 401 2366 bus
433 2298 560 2365 viriliter
589 2299 741 2364 resistere
774 2297 977 2365 solummodo
1012 2300 1209 2386 appetebant
1247 2315 1343 2391 atque

340 2406 406 2492 agri
439 2404 581 2470 culturae
605 2402 703 2469 rudes
731 2405 761 2468 iu
791 2424 910 2491 greges
940 2417 972 2468 et
1001 2403 1100 2470 boum
1124 2418 1157 2471 et
1186 2427 1342 2494 equorum

338 2509 523 2598 pascendas
536 2528 663 2574 omnem
676 2530 809 2595 operam
821 2509 1033 2577 coulerebant
1052 2511 1088 2595 ·),
1110 2522 1240 2597 praeter
1263 2534 1343 2601 quas

339 2638 380 2681 ex
400 2625 517 2681 venatu
541 2633 580 2680 eo
602 2613 767 2681 latrocinio
790 2617 890 2682 victus
904 2618 932 2681 ei
945 2618 1140 2703 suppetebat
1164 2618 1199 2703 ‘l
1239 2619 1342 2687 Verba

339 2741 445 2808 paene
472 2719 680 2806 scriptoribus
709 2719 824 2786 desuut
851 2720 892 2786 ad
917 2721 1087 2788 immanem
1116 2743 1231 2790 eorum
1259 2725 1343 2794 lero·

337 2850 540 2866 --—-=-

412 2918 439 2975 t)
478 2915 614 2965 Constant
633 2917 667 2965 de
685 2918 780 2967 admiu.
797 2920 892 2983 impe
919 2921 961 2968 to.
988 2918 1019 2970 ui
1035 2915 1064 2970 δὲ
1082 2916 1156 2988 tyro
1173 2920 1277 2988 ysrael
1292 2921 1343 2975 mir

340 2999 466 3069 Τοῦρκων
484 2990 560 3053 οὗτοι
583 2997 648 3072 πρός
670 2999 725 3058 rods
746 3003 850 3059 οἰκείους
872 3004 998 3074 ἄρχοντας
1021 3006 1069 3076 οὔχ
1092 3007 1265 3074 brendonum,
1289 3010 1341 3061 ἄλ·

337 3090 360 3140 l'
383 3087 513 3156 ὁμόνοιαν
534 3091 638 3158 ἔχουσιν
658 3092 694 3144 εἰς
714 3089 771 3145 wis
790 3089 933 3162 ποταμοῦς,
957 3093 993 3147 εἷς
1013 3096 1071 3146 οἷον
1089 3097 1173 3168 μέρος
1193 3095 1341 3169 προβάλλει

336 3179 458 3244 πόλεμον,
483 3179 712 3245 συναγωνίζεσθαι
734 3179 799 3245 μετὰ
826 3177 911 3245 urim
936 3181 1075 3248 emitur
1095 3201 1120 3236 οε
1148 3181 1196 3236 aad
1221 3184 1341 3251 σπουδῆς.

336 3268 435 3316 Octava
454 3279 520 3329 gens
540 3266 633 3316 Gabari
658 3268 740 3318 luisse
758 3269 894 3329 videntur,
921 3281 1017 3320 oumc
1043 3275 1075 3320 38
1095 3272 1235 3324 Constaut
1257 3277 1340 3327 diost:

337 3353 405 3412 „arrd
424 3353 450 3403 ol
468 3353 521 3422 μὲν
540 3351 652 3419 Triones
668 3355 768 3420 γενοιαὶ
785 3352 902 3426 ὑπῆρχον
920 3353 1025 3408 intest&
1315 3400 1318 3407 .

407 3439 433 3504 2)
469 3446 526 3491 lun
552 3441 664 3506 Sangall.
688 3444 748 3504 maj.
767 3456 792 3492 a.
811 3448 861 3494 ott
889 3444 972 3504 (Portu
995 3443 1041 3495 SS.
1060 3444 1080 3508 l,
1101 3445 1143 3504 rt)
1169 3452 1340 3515 „lgureuia

335 3526 458 3587 sajones
479 3529 511 3578 ad
530 3529 670 3580 brandium
688 3532 786 3595 vocati,
805 3529 848 3580 ubi
860 3544 905 3580 rer
925 3545 1018 3582 eorum
1030 3528 1144 3585 Cbussol
1162 3539 1271 3588 occisus
1290 3543 1340 3589 est.

334 3611 432 3674 liutpr.
451 3619 543 3678 Antap.
561 3614 592 3677 ll,
613 3621 644 3667 ot
672 3631 808 3681 „quorum
827 3615 1037 3688 (Htrngariorum)
1061 3622 1115 3673 duo
1139 3637 1218 3688 reges
1235 3625 1340 3678 Dursac

334 3703 361 3748 et
378 3700 461 3764 Buget
475 3705 625 3753 amicissimi
644 3705 802 3769 Berengerio
820 3705 954 3757 fuerans&

405 3785 431 3852 tl
469 3789 550 3839 beon.
568 3792 664 3843 Tuctie.
683 3807 707 3855 p.
728 3797 779 3844 tte
798 3787 815 3859 S
831 3797 877 3855 ιτς
896 3807 923 3856 p.
941 3800 993 3846 2⁹8
1011 3791 1073 3862 §ti
1093 3798 1146 3862 „lx
1163 3796 1256 3866 poter
1272 3814 1340 3868 σογ-

331 3875 452 3940 κείμενον
470 3874 517 3928 καῖ
535 3902 564 3914 -
586 3877 633 3930 ciat
650 3880 721 3934 τοῦοο
740 3880 770 3932 οὒ
786 3877 920 3935 nmirum
936 3881 1017 3949 λόγον
1033 3885 1168 3954 συγγενῶν
1184 3886 1232 3940 καὶ
1248 3887 1292 3954 τῆς
1305 3891 1341 3944 at'c

332 3961 455 4026 ἀλλήλους
471 3961 605 4034 o‘poroiur.

403 4048 429 4115 t)
466 4052 499 4102 ib.
518 4049 593 4119 §⁴⁶3
610 4056 672 4119 lteg.
690 4058 740 4106 889
760 4055 882 4115 „vivont
897 4071 952 4108 nou
971 4061 1104 4112 bominum
1123 4063 1173 4112 scd
1197 4063 1336 4117 beluarum

329 4140 438 4190 more⁸‘.
590 4142 620 4205 o)
659 4143 712 4193 boc
730 4156 757 4208 p.
775 4148 827 4195 teo
846 4140 863 4212 9
885 4150 927 4196 ut.

402 4221 427 4289 ol
456 4226 515 4290 ltog.
525 4231 575 4279 889
586 4235 684 4282 venatu
692 4245 723 4282 ac
734 4233 881 4295 piscatione
889 4235 987 4284 victum
997 4237 1168 4288 cottidianum
1179 4242 1336 4303 quaenunt.
