2796 4958
568 617 644 686 103

99 783 1010 875 transalpinamqnnmenantiudnmndmcomrnemorat
1033 788 1107 876 ¹-)ad

99 893 474 972 hancreierantannum
495 893 723 982 Koepkiusque
746 893 773 979 ¹)
797 914 908 968 eorum
922 887 1105 981 opinionem

97 999 256 1071 annalium
278 999 554 1073 Alamannienrum
576 1020 736 1069 consensu
760 1000 787 1085 ³)
811 999 986 1078 confirmet,
1016 1000 1106 1088 equi·

96 1106 173 1174 dem
194 1106 363 1185 tinnitum,
388 1118 421 1173 ut
443 1106 555 1193 legatis
573 1106 630 1173 iilis
646 1107 852 1184 satisfaceret,
875 1105 981 1184 filium,
1006 1127 1101 1194 quem

96 1235 172 1280 mex
200 1215 273 1300 ipse
293 1203 447 1300 subsensi
471 1213 581 1292 veluit,
612 1214 642 1279 in
667 1213 783 1281 italiam
813 1212 1018 1300 praemisisse
1048 1233 1101 1291 ex·

95 1320 308 1387 istimaverinr.
351 1319 384 1385 Si
396 1317 632 1406 Liudprandum
656 1319 892 1406 deflerengarii
914 1320 1007 1386 exilio
1021 1320 1100 1386 Ger-

95 1426 222 1495 manico
244 1425 438 1494 referentem
457 1427 493 1512 ⁴),
520 1447 692 1512 sequamur
715 1426 847 1503 ducem,
880 1425 930 1492 itin
952 1425 1015 1490 hnc
1040 1424 1099 1491 cir-

94 1533 176 1598 citer
196 1540 345 1619 tempore
368 1534 470 1620 patria
493 1531 614 1599 cedens
646 1552 718 1601 cum
748 1532 883 1601 caeteris
906 1528 1098 1618 primoribus

96 1636 287 1722 Ratisbnnae
310 1660 420 1727 regern
444 1638 557 1707 adierit
586 1660 669 1725 opas
699 1650 762 1716 est,
795 1639 823 1709 si
853 1659 929 1705 vero
953 1657 1098 1725 panegy-

96 1744 204 1809 ristam
224 1744 265 1829 ‘),
294 1765 369 1814 cum
393 1746 533 1814 initalia
561 1759 779 1813 remanentem
802 1747 946 1813 Vercnae
976 1742 1017 1809 ab
1039 1743 1097 1807 ini-

93 1851 178 1935 mien
199 1849 371 1920 obsessam
400 1872 491 1930 esse,
520 1851 717 1921 credendam
742 1861 800 1924 est.
858 1847 1095 1938 Qunqaomndo

91 1977 146 2023 res
177 1978 215 2025 se
244 1957 343 2028 habet
371 1958 606 2026 zuentebaldus
635 1958 697 2027 hcc
727 1978 810 2027 anno
847 1979 919 2027 curn
955 1955 1095 2021 exercitu

89 2063 294 2136 Alamanniae
319 2065 414 2156 Alpes
438 2077 656 2152 transgressus
682 2065 872 2150 Berengarie
898 2083 993 2149 opem
1018 2082 1095 2128 cen-

90 2182 138 2254 tra
161 2170 329 2242 widonem
350 2173 425 2243 tutit
471 2173 532 2250 Qui
555 2171 691 2238 hostiurn
705 2169 806 2241 aciem
826 2170 856 2236 in
873 2180 984 2254 aperto
1008 2167 1093 2233 haud

88 2276 307 2344 sustinendam
332 2298 406 2345 ease
428 2290 523 2356 ratus,
548 2296 651 2367 prope
663 2275 803 2347 Ticinum
827 2273 868 2340 ad
887 2273 1092 2346 Varnavnlarn

88 2382 216 2452 fluvium
250 2396 357 2451 castra
391 2385 518 2451 munivit
545 2394 579 2450 et
609 2383 752 2459 tandem,
789 2382 903 2453 diutius
935 2380 995 2453 sed
1024 2380 1093 2449 sine

89 2500 206 2557 eventu
230 2501 442 2577 oppugnatus,
465 2491 550 2578 regis
573 2489 670 2563 filiurn
692 2491 814 2577 argenti
832 2487 1026 2556 multitudine
1051 2485 1091 2553 ad

87 2594 289 2671 redeundum
312 2596 492 2665 commovit
537 2597 699 2685 Koepkins
724 2620 785 2664 non
810 2608 899 2664 recte
923 2616 976 2672 ea,
1009 2614 1092 2682 quae

88 2703 210 2790 Regino
233 2702 260 2788 ⁰)
281 2715 313 2769 et
336 2704 474 2790 scriptor
496 2703 683 2770 vedastinus
708 2703 733 2788 ⁷)
757 2703 799 2770 de
817 2702 996 2787 Berengarii
1018 2700 1093 2786 iuga

87 2809 229 2876 reserum
257 2808 331 2875 huic
359 2809 497 2896 tempori
522 2810 686 2896 assignare
711 2809 820 2887 voluit,
851 2807 985 2873 camilli
1011 2825 1091 2871 con-

88 2928 217 2982 ventum
240 2913 453 2981 Tridentinum
477 2914 624 2983 indicent
669 2913 755 2980 ltalia
784 2912 877 3000 igitur
906 2913 969 2979 hcc
991 2910 1090 2978 modo

88 3022 202 3089 iterem
219 3019 344 3087 Widoni
365 3021 485 3099 relicta,
508 3019 661 3096 tinnitus,
684 3018 770 3108 quod
788 3018 910 3106 jamdiu
934 3019 965 3083 in
985 3019 1091 3091 animo

87 3127 243 3207 volverat,
268 3127 337 3213 ipse
360 3145 435 3193 cum
458 3149 553 3192 manu
578 3125 679 3192 valida
702 3126 773 3193 illuc
795 3123 954 3211 proficisci
977 3109 1091 3193 decre-

88 3234 187 3301 vitet
209 3231 417 3319 Weibiiingae
440 3232 533 3320 natali
554 3234 675 3301 Domini
699 3231 752 3297 die
773 3243 847 3301 acto
871 3231 907 3317 8),
931 3232 962 3297 in
984 3231 1090 3315 hicine

86 3425 198 3489 plectant,
217 3422 264 3472 Hic
282 3417 432 3481 (Zuenteb.)
450 3421 534 3471 laetus
551 3423 695 3484 postquam
713 3421 826 3489 patriam
842 3420 975 3470 concessit
989 3419 1024 3468 ad
1043 3431 1089 3467 au·

87 3513 154 3562 lam:
181 3510 219 3560 En
237 3508 315 3559 Widc
335 3522 429 3573 agmen
448 3511 550 3573 agens'’
572 3517 622 3561 etc.
642 3534 671 3544 —

160 3596 191 3661 1)
228 3601 285 3648 nnt.
304 3598 323 3661 1,
344 3600 468 3647 an-at.
669 3593 700 3656 e)
735 3594 751 3642 t.
768 3594 783 3642 1.
803 3607 828 3656 p.
845 3597 891 3643 an.

160 3685 191 3749 8)
226 3688 293 3736 Ana.
310 3687 391 3736 atam.
409 3699 433 3736 a.
455 3689 515 3753 titt.
542 3685 676 3735 Alamanni
693 3684 720 3732 in
737 3679 844 3732 italiam.

159 3778 172 3823 t
226 3777 284 3826 Ant
305 3774 324 3834 l,
344 3778 385 3822 22.

159 3774 190 3922 δί
226 3860 260 3912 111
280 3877 305 3913 v.
327 3867 365 3912 ts.
392 3864 452 3911 Arn.
470 3861 677 3911 Zuentebaldum
697 3859 803 3909 affatur:
833 3857 1001 3926 „Tamumne
1021 3860 1089 3919 potis

85 3950 203 4013 perterre
222 3950 349 4012 dolorem,
374 3952 469 4003 Nostra
484 3953 517 4000 nt
534 3951 675 4016 progenies
693 3949 803 4013 propria
821 3949 933 4013 vertetur
950 3948 976 3996 in
995 3948 1089 3997 anta?”

86 4035 111 4105 (ἰ.
129 4052 152 4089 a.
172 4039 312 4101 Veronae).
332 4065 362 4077 ·-

160 4125 188 4189 6)
225 4128 279 4190 Iteg
301 4131 365 4189 588⁰.
509 4126 533 4185 7)
571 4124 800 4177 Ann.Ved.888.

159 4215 187 4278 8)
223 4217 290 4265 Ann.
311 4217 384 4269 Fata.
405 4217 465 4265 894.
