2796 4958
344 827 483 912 privatos
504 817 712 883 ¹Pannoniam
746 819 836 904 quasi
858 819 1113 907 -reoeptaoutnn
1153 821 1347 911 expetivisse

343 926 576 999 Constantinus,
595 921 697 1007 planis
727 922 835 989 vorbis
864 924 969 993 docet.
1021 929 1144 996 truttam
1168 933 1255 999 enim
1285 945 1349 999 ate-

342 1059 414 1103 rum
439 1033 630 1105 Germanos,
663 1030 807 1115 Ungeros
828 1051 959 1118 semper
982 1053 1056 1100 oum
1078 1037 1186 1103 Araris
1208 1049 1242 1103 et
1265 1039 1348 1104 llun

342 1143 391 1207 nis
427 1134 657 1204 conlaudentes
695 1135 733 1200 iis
762 1138 987 1223 suppeditasse
1018 1140 1177 1229 Caseelius
1204 1143 1346 1228 pluribus

342 1243 516 1315 rationibus
538 1239 684 1327 probarit
709 1239 745 1322 ¹).
779 1243 949 1329 Arpadium
966 1257 1073 1312 autem
1094 1246 1235 1315 latronis.
1249 1251 1345 1316 instar

343 1375 416 1421 oum
441 1346 591 1435 expedito
619 1367 679 1411 suo
704 1349 849 1433 equitatu
872 1351 1100 1437 irrumpentem
1126 1353 1249 1423 inuoles
1270 1375 1342 1421 eum

343 1459 435 1526 donis
456 1454 577 1522 seilicet
599 1453 683 1538 genti
707 1453 867 1520 inauditae
880 1456 1007 1522 obviam
1026 1469 1146 1534 euntes,
1170 1481 1234 1525 non
1254 1461 1342 1549 quasi

342 1565 463 1631 bonum
487 1561 656 1646 opilionem
675 1580 808 1646 gregem
830 1581 920 1626 suem
941 1563 1077 1647 perisse,
1101 1563 1166 1631 sed
1184 1567 1279 1651 quasi
1298 1567 1343 1633 lu·

341 1691 419 1757 puna
443 1685 594 1753 repeeenr
608 1665 788 1744 dilaniasae‚
812 1667 897 1732 multi
911 1668 1241 1748 rooilerantmtestes,
1265 1692 1342 1758 qno·

341 1797 411 1842 rum
436 1771 602 1837 nonnullos
625 1769 756 1837 laudere
784 1771 892 1836 liceat:
926 1775 1081 1861 „Uagam
1111 1774 1187 1841 dioit
1207 1777 1343 1863 scriptor

342 1878 507 1946 Fuldensis
536 1878 574 1960 (s.
596 1897 625 1941 e.
653 1873 857 1958 ssttlvmutra
886 1878 1078 1947 miserabilia
1106 1893 1342 1966 perpetrarem.

341 1989 419 2052 Nam
443 1978 595 2061 homines
612 1994 644 2047 et
665 1982 786 2047 vetulas
816 1995 977 2050 matronas
1000 1985 1125 2070 penitus
1150 1986 1342 2058 occidendo.

337 2088 525 2180 juvenculas
549 2099 666 2152 tantum
698 2099 730 2152 et
747 2087 893 2173 ‘jumenta
916 2110 976 2176 pro
1006 2090 1135 2157 libidine
1158 2095 1341 2161 exereeude

341 2193 653 2272 secundanorum,
683 2205 783 2259 totam
806 2194 1001 2262 Pannoniam
1028 2219 1131 2285 usqne
1152 2197 1197 2265 nd
1216 2199 1342 2267 intumi·

341 2306 466 2371 cionem
491 2297 700 2370 deleveruut”.
742 2297 890 2363 Similiter
911 2299 1048 2389 loquitur
1071 2303 1295 2371 Constantinus
1316 2305 1341 2390 ¹)

341 2412 383 2475 de
413 2406 546 2471 llorevis
580 2455 596 2482 ‚‚
606 2404 763 2478 ἐλθόντες
784 2402 820 2468 oi
852 2405 982 2488 Τοῦρκα,
1013 2409 1141 2484 τούτους
1173 2412 1342 2486 bernalde

340 2512 597 2594 ἓξωλόθρευσαν,
619 2509 940 2592 καὶέκρατηααν.τὴν
962 2509 1070 2578 adeda
1089 2517 1199 2601 χώραν
1221 2550 1266 2567 --
1289 2522 1341 2582 nal

339 2621 370 2689 oi
397 2617 650 2700 ὑπολειφθέντες
678 2617 737 2677 τοῦ
765 2613 848 2678 taut
876 2616 1182 2704 dumuordodptmj
1198 2643 1341 2709 προαφυ·

337 2727 447 2808 γόντες
475 2724 521 2796 εἰς
547 2719 589 2783 τὰ
618 2722 843 2803 παρακείμενα
872 2722 982 2806 ἔθνη”.
1023 2725 1193 2807 ΑαιιαΙίεῑαΔ
1209 2746 1341 2813 quoque

339 2837 423 2898 Saxo
446 2829 475 2913 ³)
496 2825 660 2891 saevitiam
685 2845 796 2891 eomm
824 2828 866 2892 ita
896 2827 1055 2914 depingit:
1089 2831 1227 2916 „Ungeri
1260 2829 1340 2898 fines

340 2936 478 3002 Saxonis
501 2930 685 3016 depopulati
708 2944 789 3010 sunt,
814 2933 993 3021 multosque
1014 2934 1251 3010 interfecerunt.
1273 2959 1341 3005 mu,

340 3043 450 3117 liet-arn
474 3057 603 3124 quoque
626 3035 752 3102 turbem
781 3038 1041 3106 innumerabilem
1064 3039 1230 3120 nobilium,
1262 3043 1340 3110 libe·

340 3147 450 3212 rulime
473 3140 718 3217 mamillarum,
741 3142 861 3210 nudem
886 3156 917 3210 et
945 3166 1005 3231 per
1027 3146 1131 3213 urines
1154 3149 1340 3217 catervatim

338 3251 432 3319 veluti
457 3248 529 3314 loris
554 3267 614 3332 per
637 3247 742 3332 eapite
765 3266 944 3315 connexam
970 3262 1004 3316 et
1030 3253 1175 3319 mamillis
1195 3254 1340 3340 periera-

338 3370 410 3431 tem,
435 3376 508 3419 oum
532 3352 670 3437 puerulis
694 3371 805 3417 seeum
817 3355 973 3438 captiuam
986 3356 1217 3425 ebdurreruut’'.
1257 3367 1340 3428 Ano.-

338 3483 451 3553 nyruus
475 3461 502 3543 ‘l
526 3459 595 3544 ipse
619 3457 719 3522 semel
741 3457 862 3522 oonsilii
880 3461 926 3525 sui
952 3461 1074 3539 oblitus
1099 3465 1339 3550 [lugereetuue

338 3566 491 3654 temporie
515 3562 575 3640 „de
599 3561 755 3631 allusione
778 3562 908 3629 humani
927 3568 1090 3652 sanguinis.
1109 3570 1190 3635 siem
1211 3573 1340 3658 sanguis

337 3673 468 3760 sugem'
494 3670 622 3754 gavisos
647 3689 722 3733 esee
738 3669 1090 3753 imprudenter-letetur.
1135 3675 1226 3742 adde
1251 3678 1338 3764 quod

335 3782 400 3844 Leo
423 3776 558 3860 Sapiens
590 3775 677 3838 testis
705 3772 849 3859 locuples
874 3777 917 3861 ¹),
952 3779 1083 3864 Ungeris
1113 3783 1211 3846 moris
1240 3781 1338 3850 misse

407 3957 435 4026 l)
471 3961 585 4024 Mugyar.
602 3957 756 4012 Allerthiim
779 3975 806 4023 p.
825 3966 867 4014 et.

405 4047 433 4111 3)
472 4047 805 4107 do.·n‹tmtrntmp.c.tr.
1227 4078 1240 4095 ·.

377 4138 434 4198 s)
473 4150 494 4184 e.
514 4140 564 4185 906
586 4132 792 4199 (Perta-SS.V1‚
814 4131 883 4203 tbi).
943 4166 955 4179 .·
994 4139 1018 4196 t)
1057 4149 1081 4188 e.
1104 4139 1144 4187 tt.
1227 4182 1230 4187 .

404 4225 428 4283 5)
472 4220 566 4272 Leonis
585 4223 689 4272 Tactica
709 4223 749 4272 ed.
768 4220 941 4277 llleursiuse.
962 4229 1002 4277 te.
1023 4226 1038 4289 3
1059 4231 1100 4276 ot.
1118 4240 1143 4289 p.
1163 4231 1224 4279 stt.
