<?xml version="1.0" encoding="UTF-8"?>
<!DOCTYPE html PUBLIC "-//W3C//DTD XHTML 1.0 Transitional//EN"
    "http://www.w3.org/TR/xhtml1/DTD/xhtml1-transitional.dtd">
<html xmlns="http://www.w3.org/1999/xhtml" xml:lang="en" lang="en">
 <head>
  <title>
</title>
<meta http-equiv="Content-Type" content="text/html;charset=utf-8" />
  <meta name='ocr-system' content='tesseract 3.04.00' />
  <meta name='ocr-capabilities' content='ocr_page ocr_carea ocr_par ocr_line ocrx_word'/>
</head>
<body>
  <div class='ocr_page' id='page_1' title='image "./dearnulfofranco00arnugoog_0149.png"; bbox 0 0 2796 4958; ppageno 0'>
   <div class='ocr_carea' id='block_1_1' title="bbox 779 640 855 706">
    <p class='ocr_par' dir='ltr' id='par_1_1' title="bbox 779 640 855 706">
     <span class='ocr_line' id='line_1_1' title="bbox 779 640 855 706; baseline 0.026 -2"><span class='ocrx_word' id='word_1_1' title='bbox 779 640 855 706; x_wconf 74' lang='lat' dir='ltr'>lut</span> 
     </span>
    </p>
   </div>
   <div class='ocr_carea' id='block_1_2' title="bbox 251 811 1329 3345">
    <p class='ocr_par' dir='ltr' id='par_1_2' title="bbox 251 811 1329 3345">
     <span class='ocr_line' id='line_1_2' title="bbox 315 811 1326 900; baseline -0.002 -22"><span class='ocrx_word' id='word_1_2' title='bbox 315 813 405 878; x_wconf 87' lang='lat' dir='ltr'>tionis</span> <span class='ocrx_word' id='word_1_3' title='bbox 430 812 641 877; x_wconf 80' lang='lat' dir='ltr'><strong>Germanicae</strong></span> <span class='ocrx_word' id='word_1_4' title='bbox 665 812 824 889; x_wconf 89' lang='lat' dir='ltr'>inimicus,</span> <span class='ocrx_word' id='word_1_5' title='bbox 861 813 914 900; x_wconf 88' lang='lat' dir='ltr'>qui</span> <span class='ocrx_word' id='word_1_6' title='bbox 941 813 1103 878; x_wconf 90' lang='lat' dir='ltr'>tamenin</span> <span class='ocrx_word' id='word_1_7' title='bbox 1134 814 1243 879; x_wconf 88' lang='lat' dir='ltr'>charta</span> <span class='ocrx_word' id='word_1_8' title='bbox 1272 811 1326 878; x_wconf 88' lang='lat' dir='ltr'>die</span> 
     </span>
     <span class='ocr_line' id='line_1_3' title="bbox 315 916 1327 1004; baseline 0 -22"><span class='ocrx_word' id='word_1_9' title='bbox 315 921 368 984; x_wconf 83' lang='lat'>20.</span> <span class='ocrx_word' id='word_1_10' title='bbox 389 921 517 1004; x_wconf 78' lang='lat' dir='ltr'>Augusti</span> <span class='ocrx_word' id='word_1_11' title='bbox 543 939 640 983; x_wconf 90' lang='lat' dir='ltr'>mens.</span> <span class='ocrx_word' id='word_1_12' title='bbox 665 921 694 993; x_wconf 92' lang='lat'>¹)</span> <span class='ocrx_word' id='word_1_13' title='bbox 726 916 842 983; x_wconf 74' lang='lat' dir='ltr'>Arnulfi</span> <span class='ocrx_word' id='word_1_14' title='bbox 867 920 1065 1004; x_wconf 85' lang='lat' dir='ltr'>imperatoris</span> <span class='ocrx_word' id='word_1_15' title='bbox 1087 938 1189 985; x_wconf 84' lang='lat' dir='ltr'>annos</span> <span class='ocrx_word' id='word_1_16' title='bbox 1213 919 1327 985; x_wconf 88' lang='lat' dir='ltr'>ctiam-</span> 
     </span>
     <span class='ocr_line' id='line_1_4' title="bbox 314 1023 1325 1109; baseline -0.003 -19"><span class='ocrx_word' id='word_1_17' title='bbox 314 1038 378 1090; x_wconf 89' lang='lat' dir='ltr'>tum</span> <span class='ocrx_word' id='word_1_18' title='bbox 403 1025 603 1109; x_wconf 86' lang='lat' dir='ltr'>computavit.</span> <span class='ocrx_word' id='word_1_19' title='bbox 650 1023 734 1088; x_wconf 85' lang='lat' dir='ltr'>ltalia</span> <span class='ocrx_word' id='word_1_20' title='bbox 758 1038 864 1090; x_wconf 85' lang='lat' dir='ltr'>autem</span> <span class='ocrx_word' id='word_1_21' title='bbox 885 1023 1040 1109; x_wconf 81' lang='lat' dir='ltr'>superiori</span> <span class='ocrx_word' id='word_1_22' title='bbox 1063 1043 1083 1089; x_wconf 90' lang='lat' dir='ltr'>a</span> <span class='ocrx_word' id='word_1_23' title='bbox 1106 1023 1325 1090; x_wconf 73' lang='lat' dir='ltr'>dominatione</span> 
     </span>
     <span class='ocr_line' id='line_1_5' title="bbox 314 1128 1324 1217; baseline -0.003 -21"><span class='ocrx_word' id='word_1_24' title='bbox 314 1143 445 1196; x_wconf 86' lang='lat' dir='ltr'>externa</span> <span class='ocrx_word' id='word_1_25' title='bbox 477 1129 625 1204; x_wconf 84' lang='lat' dir='ltr'>liberata,</span> <span class='ocrx_word' id='word_1_26' title='bbox 659 1130 779 1195; x_wconf 87' lang='lat' dir='ltr'>Rornae</span> <span class='ocrx_word' id='word_1_27' title='bbox 813 1149 942 1217; x_wconf 87' lang='lat' dir='ltr'>quoque</span> <span class='ocrx_word' id='word_1_28' title='bbox 973 1149 1081 1216; x_wconf 59' lang='lat' dir='ltr'>papa,</span> <span class='ocrx_word' id='word_1_29' title='bbox 1111 1149 1184 1195; x_wconf 91' lang='lat' dir='ltr'>cum</span> <span class='ocrx_word' id='word_1_30' title='bbox 1214 1128 1324 1196; x_wconf 84' lang='lat' dir='ltr'>odium</span> 
     </span>
     <span class='ocr_line' id='line_1_6' title="bbox 315 1234 1326 1322; baseline -0.005 -20"><span class='ocrx_word' id='word_1_31' title='bbox 315 1235 398 1302; x_wconf 89' lang='lat' dir='ltr'>haud</span> <span class='ocrx_word' id='word_1_32' title='bbox 428 1234 560 1320; x_wconf 88' lang='lat' dir='ltr'>amplius</span> <span class='ocrx_word' id='word_1_33' title='bbox 592 1236 756 1301; x_wconf 90' lang='lat' dir='ltr'>continere</span> <span class='ocrx_word' id='word_1_34' title='bbox 784 1247 912 1322; x_wconf 85' lang='lat' dir='ltr'>posset,</span> <span class='ocrx_word' id='word_1_35' title='bbox 948 1235 1070 1300; x_wconf 89' lang='lat' dir='ltr'>lacinus</span> <span class='ocrx_word' id='word_1_36' title='bbox 1102 1247 1133 1301; x_wconf 91' lang='lat' dir='ltr'>et</span> <span class='ocrx_word' id='word_1_37' title='bbox 1165 1247 1261 1300; x_wconf 87' lang='lat' dir='ltr'>antea</span> <span class='ocrx_word' id='word_1_38' title='bbox 1294 1243 1326 1300; x_wconf 91' lang='lat' dir='ltr'>et</span> 
     </span>
     <span class='ocr_line' id='line_1_7' title="bbox 317 1339 1326 1430; baseline -0.006 -21"><span class='ocrx_word' id='word_1_39' title='bbox 317 1355 388 1430; x_wconf 89' lang='lat' dir='ltr'>post</span> <span class='ocrx_word' id='word_1_40' title='bbox 413 1341 593 1416; x_wconf 86' lang='lat' dir='ltr'>inauditum,</span> <span class='ocrx_word' id='word_1_41' title='bbox 617 1353 680 1407; x_wconf 90' lang='lat' dir='ltr'>tam</span> <span class='ocrx_word' id='word_1_42' title='bbox 704 1339 877 1406; x_wconf 87' lang='lat' dir='ltr'>absurdum</span> <span class='ocrx_word' id='word_1_43' title='bbox 901 1361 997 1428; x_wconf 89' lang='lat' dir='ltr'>qnam</span> <span class='ocrx_word' id='word_1_44' title='bbox 1022 1339 1170 1412; x_wconf 74' lang='lat' dir='ltr'>horribile</span> <span class='ocrx_word' id='word_1_45' title='bbox 1192 1341 1326 1407; x_wconf 89' lang='lat' dir='ltr'>commi·</span> 
     </span>
     <span class='ocr_line' id='line_1_8' title="bbox 315 1445 1325 1534; baseline -0.005 -20"><span class='ocrx_word' id='word_1_46' title='bbox 315 1449 362 1514; x_wconf 89' lang='lat' dir='ltr'>sit.</span> <span class='ocrx_word' id='word_1_47' title='bbox 422 1449 591 1534; x_wconf 88' lang='lat' dir='ltr'>Postquam</span> <span class='ocrx_word' id='word_1_48' title='bbox 623 1447 793 1534; x_wconf 76' lang='lat' dir='ltr'>Ageltruda</span> <span class='ocrx_word' id='word_1_49' title='bbox 822 1468 894 1512; x_wconf 89' lang='lat' dir='ltr'>cum</span> <span class='ocrx_word' id='word_1_50' title='bbox 924 1445 1094 1512; x_wconf 87' lang='lat' dir='ltr'>Lambertc</span> <span class='ocrx_word' id='word_1_51' title='bbox 1126 1457 1159 1512; x_wconf 87' lang='lat' dir='ltr'>et</span> <span class='ocrx_word' id='word_1_52' title='bbox 1189 1445 1325 1510; x_wconf 88' lang='lat' dir='ltr'>Widone</span> 
     </span>
     <span class='ocr_line' id='line_1_9' title="bbox 251 1551 1325 1642; baseline -0.005 -21"><span class='ocrx_word' id='word_1_53' title='bbox 251 1599 253 1603; x_wconf 81' lang='lat'><em>.</em></span> <span class='ocrx_word' id='word_1_54' title='bbox 317 1554 401 1621; x_wconf 90' lang='lat' dir='ltr'>duce</span> <span class='ocrx_word' id='word_1_55' title='bbox 431 1552 594 1638; x_wconf 86' lang='lat' dir='ltr'>Spoletino</span> <span class='ocrx_word' id='word_1_56' title='bbox 629 1554 808 1642; x_wconf 89' lang='lat' dir='ltr'>propinquo</span> <span class='ocrx_word' id='word_1_57' title='bbox 839 1554 908 1639; x_wconf 87' lang='lat' dir='ltr'>ejus</span> <span class='ocrx_word' id='word_1_58' title='bbox 937 1553 967 1617; x_wconf 93' lang='lat' dir='ltr'>in</span> <span class='ocrx_word' id='word_1_59' title='bbox 999 1553 1111 1619; x_wconf 88' lang='lat' dir='ltr'>urbem</span> <span class='ocrx_word' id='word_1_60' title='bbox 1140 1551 1271 1618; x_wconf 87' lang='lat' dir='ltr'>advenit</span> <span class='ocrx_word' id='word_1_61' title='bbox 1291 1551 1325 1636; x_wconf 80' lang='lat'>²),</span> 
     </span>
     <span class='ocr_line' id='line_1_10' title="bbox 316 1656 1326 1748; baseline -0.006 -22"><span class='ocrx_word' id='word_1_62' title='bbox 316 1660 445 1747; x_wconf 87' lang='lat' dir='ltr'>„paucis</span> <span class='ocrx_word' id='word_1_63' title='bbox 470 1658 616 1745; x_wconf 75' lang='lat' dir='ltr'>posthinc</span> <span class='ocrx_word' id='word_1_64' title='bbox 644 1659 757 1726; x_wconf 86' lang='lat' dir='ltr'>diebus</span> <span class='ocrx_word' id='word_1_65' title='bbox 787 1660 928 1746; x_wconf 87' lang='lat' dir='ltr'>elapsis’&#39;</span> <span class='ocrx_word' id='word_1_66' title='bbox 951 1659 1132 1745; x_wconf 87' lang='lat' dir='ltr'>Stephanus</span> <span class='ocrx_word' id='word_1_67' title='bbox 1162 1656 1326 1748; x_wconf 83' lang='lat' dir='ltr'>synodum</span> 
     </span>
     <span class='ocr_line' id='line_1_11' title="bbox 317 1763 1327 1853; baseline -0.007 -19"><span class='ocrx_word' id='word_1_68' title='bbox 317 1765 531 1853; x_wconf 75' lang='lat' dir='ltr'>congregavit,</span> <span class='ocrx_word' id='word_1_69' title='bbox 555 1766 697 1830; x_wconf 85' lang='lat' dir='ltr'>Formosi</span> <span class='ocrx_word' id='word_1_70' title='bbox 722 1764 862 1832; x_wconf 88' lang='lat' dir='ltr'>cadaver</span> <span class='ocrx_word' id='word_1_71' title='bbox 886 1785 905 1831; x_wconf 89' lang='lat' dir='ltr'>o</span> <span class='ocrx_word' id='word_1_72' title='bbox 928 1767 1049 1833; x_wconf 90' lang='lat' dir='ltr'>tumulo</span> <span class='ocrx_word' id='word_1_73' title='bbox 1074 1776 1248 1832; x_wconf 78' lang='lat' dir='ltr'>extractum</span> <span class='ocrx_word' id='word_1_74' title='bbox 1274 1763 1327 1828; x_wconf 86' lang='lat' dir='ltr'>lai-</span> 
     </span>
     <span class='ocr_line' id='line_1_12' title="bbox 317 1868 1324 1960; baseline -0.003 -21"><span class='ocrx_word' id='word_1_75' title='bbox 317 1892 422 1960; x_wconf 89' lang='lat' dir='ltr'>coque</span> <span class='ocrx_word' id='word_1_76' title='bbox 434 1872 549 1936; x_wconf 86' lang='lat' dir='ltr'>amictu</span> <span class='ocrx_word' id='word_1_77' title='bbox 564 1868 715 1950; x_wconf 81' lang='lat' dir='ltr'>indutum,</span> <span class='ocrx_word' id='word_1_78' title='bbox 734 1871 871 1940; x_wconf 91' lang='lat' dir='ltr'>diacono</span> <span class='ocrx_word' id='word_1_79' title='bbox 883 1873 997 1938; x_wconf 87' lang='lat' dir='ltr'>mortui</span> <span class='ocrx_word' id='word_1_80' title='bbox 1010 1892 1181 1959; x_wconf 82' lang='lat' dir='ltr'>personam</span> <span class='ocrx_word' id='word_1_81' title='bbox 1198 1882 1324 1960; x_wconf 83' lang='lat' dir='ltr'>agente,</span> 
     </span>
     <span class='ocr_line' id='line_1_13' title="bbox 312 1977 1325 2069; baseline 0.002 -25"><span class='ocrx_word' id='word_1_82' title='bbox 312 1979 430 2066; x_wconf 86' lang='lat' dir='ltr'>injuste</span> <span class='ocrx_word' id='word_1_83' title='bbox 447 1977 630 2065; x_wconf 87' lang='lat' dir='ltr'>dignitatern</span> <span class='ocrx_word' id='word_1_84' title='bbox 651 1979 798 2066; x_wconf 87' lang='lat' dir='ltr'>papalem</span> <span class='ocrx_word' id='word_1_85' title='bbox 817 1979 876 2047; x_wconf 85' lang='lat' dir='ltr'>sibi</span> <span class='ocrx_word' id='word_1_86' title='bbox 900 2000 1071 2069; x_wconf 84' lang='lat' dir='ltr'>arrogasse</span> <span class='ocrx_word' id='word_1_87' title='bbox 1091 1979 1236 2060; x_wconf 84' lang='lat' dir='ltr'>convicit,</span> <span class='ocrx_word' id='word_1_88' title='bbox 1259 1989 1325 2047; x_wconf 89' lang='lat' dir='ltr'>tum</span> 
     </span>
     <span class='ocr_line' id='line_1_14' title="bbox 317 2083 1326 2178; baseline 0.002 -26"><span class='ocrx_word' id='word_1_89' title='bbox 317 2090 401 2152; x_wconf 87' lang='lat' dir='ltr'>ierro</span> <span class='ocrx_word' id='word_1_90' title='bbox 426 2083 552 2151; x_wconf 89' lang='lat' dir='ltr'>duobus</span> <span class='ocrx_word' id='word_1_91' title='bbox 576 2085 728 2152; x_wconf 81' lang='lat' dir='ltr'>dexterae</span> <span class='ocrx_word' id='word_1_92' title='bbox 746 2086 850 2176; x_wconf 83' lang='lat' dir='ltr'>digitis</span> <span class='ocrx_word' id='word_1_93' title='bbox 866 2089 1044 2175; x_wconf 88' lang='lat' dir='ltr'>amputatis,</span> <span class='ocrx_word' id='word_1_94' title='bbox 1059 2089 1212 2178; x_wconf 73' lang='lat' dir='ltr'>¹quamvis</span> <span class='ocrx_word' id='word_1_95' title='bbox 1232 2087 1326 2176; x_wconf 87' lang='lat' dir='ltr'>plebs</span> 
     </span>
     <span class='ocr_line' id='line_1_15' title="bbox 317 2195 1326 2282; baseline -0.002 -21"><span class='ocrx_word' id='word_1_96' title='bbox 317 2196 456 2261; x_wconf 86' lang='lat' dir='ltr'>Romana</span> <span class='ocrx_word' id='word_1_97' title='bbox 480 2195 628 2271; x_wconf 87' lang='lat' dir='ltr'>„Parcite</span> <span class='ocrx_word' id='word_1_98' title='bbox 651 2197 802 2281; x_wconf 88' lang='lat' dir='ltr'>sepulto&#39;&#39;</span> <span class='ocrx_word' id='word_1_99' title='bbox 826 2195 1016 2282; x_wconf 86' lang='lat' dir='ltr'>saepissime</span> <span class='ocrx_word' id='word_1_100' title='bbox 1038 2195 1269 2261; x_wconf 79' lang='lat' dir='ltr'>vociferaretur</span> <span class='ocrx_word' id='word_1_101' title='bbox 1290 2195 1326 2279; x_wconf 80' lang='lat'>³),</span> 
     </span>
     <span class='ocr_line' id='line_1_16' title="bbox 317 2299 1326 2388; baseline -0.006 -18"><span class='ocrx_word' id='word_1_102' title='bbox 317 2321 390 2370; x_wconf 86' lang='lat' dir='ltr'>eum</span> <span class='ocrx_word' id='word_1_103' title='bbox 425 2322 484 2388; x_wconf 90' lang='lat' dir='ltr'>per</span> <span class='ocrx_word' id='word_1_104' title='bbox 517 2321 610 2368; x_wconf 89' lang='lat' dir='ltr'>crura</span> <span class='ocrx_word' id='word_1_105' title='bbox 637 2312 769 2367; x_wconf 89' lang='lat' dir='ltr'>tractum</span> <span class='ocrx_word' id='word_1_106' title='bbox 802 2300 833 2365; x_wconf 93' lang='lat' dir='ltr'>in</span> <span class='ocrx_word' id='word_1_107' title='bbox 864 2299 1000 2366; x_wconf 85' lang='lat' dir='ltr'>Tiberim</span> <span class='ocrx_word' id='word_1_108' title='bbox 1033 2301 1147 2388; x_wconf 85' lang='lat' dir='ltr'>conjici</span> <span class='ocrx_word' id='word_1_109' title='bbox 1174 2299 1270 2388; x_wconf 87' lang='lat' dir='ltr'>jussit</span> <span class='ocrx_word' id='word_1_110' title='bbox 1291 2300 1326 2385; x_wconf 84' lang='lat'>⁴).</span> 
     </span>
     <span class='ocr_line' id='line_1_17' title="bbox 317 2407 1325 2494; baseline -0.004 -19"><span class='ocrx_word' id='word_1_111' title='bbox 317 2410 434 2475; x_wconf 81' lang='lat' dir='ltr'>Pariter</span> <span class='ocrx_word' id='word_1_112' title='bbox 464 2429 504 2474; x_wconf 89' lang='lat' dir='ltr'>eo</span> <span class='ocrx_word' id='word_1_113' title='bbox 535 2408 817 2486; x_wconf 86' lang='lat' dir='ltr'>anathematizato,</span> <span class='ocrx_word' id='word_1_114' title='bbox 851 2409 957 2472; x_wconf 87' lang='lat' dir='ltr'>omnia</span> <span class='ocrx_word' id='word_1_115' title='bbox 988 2417 1061 2473; x_wconf 90' lang='lat' dir='ltr'>acta</span> <span class='ocrx_word' id='word_1_116' title='bbox 1084 2407 1153 2494; x_wconf 82' lang='lat' dir='ltr'>ejus</span> <span class='ocrx_word' id='word_1_117' title='bbox 1175 2407 1325 2483; x_wconf 76' lang='lat' dir='ltr'>rescissa,</span> 
     </span>
     <span class='ocr_line' id='line_1_18' title="bbox 314 2500 1324 2591; baseline -0.006 -9"><span class='ocrx_word' id='word_1_118' title='bbox 314 2535 428 2582; x_wconf 89' lang='lat' dir='ltr'>omnes</span> <span class='ocrx_word' id='word_1_119' title='bbox 452 2515 710 2579; x_wconf 87' lang='lat' dir='ltr'>consecrationes</span> <span class='ocrx_word' id='word_1_120' title='bbox 734 2514 840 2580; x_wconf 87' lang='lat' dir='ltr'>irritae</span> <span class='ocrx_word' id='word_1_121' title='bbox 863 2512 967 2579; x_wconf 86' lang='lat' dir='ltr'>factae</span> <span class='ocrx_word' id='word_1_122' title='bbox 991 2500 1071 2580; x_wconf 82' lang='lat' dir='ltr'>sunt</span> <span class='ocrx_word' id='word_1_123' title='bbox 1120 2514 1223 2591; x_wconf 81' lang='lat' dir='ltr'>Quam</span> <span class='ocrx_word' id='word_1_124' title='bbox 1245 2531 1324 2588; x_wconf 87' lang='lat' dir='ltr'>rern,</span> 
     </span>
     <span class='ocr_line' id='line_1_19' title="bbox 318 2618 1328 2706; baseline -0.004 -20"><span class='ocrx_word' id='word_1_125' title='bbox 318 2621 375 2686; x_wconf 89' lang='lat' dir='ltr'>etsi</span> <span class='ocrx_word' id='word_1_126' title='bbox 406 2620 544 2706; x_wconf 86' lang='lat' dir='ltr'>scriptor</span> <span class='ocrx_word' id='word_1_127' title='bbox 566 2619 731 2685; x_wconf 87' lang='lat' dir='ltr'>Fuldensis</span> <span class='ocrx_word' id='word_1_128' title='bbox 756 2619 784 2704; x_wconf 88' lang='lat'>⁸)</span> <span class='ocrx_word' id='word_1_129' title='bbox 807 2631 839 2684; x_wconf 88' lang='lat' dir='ltr'>et</span> <span class='ocrx_word' id='word_1_130' title='bbox 862 2618 1083 2686; x_wconf 85' lang='lat' dir='ltr'>Alamannicus</span> <span class='ocrx_word' id='word_1_131' title='bbox 1105 2629 1138 2688; x_wconf 90' lang='lat' dir='ltr'>et</span> <span class='ocrx_word' id='word_1_132' title='bbox 1161 2619 1328 2687; x_wconf 86' lang='lat' dir='ltr'>Herimau-</span> 
     </span>
     <span class='ocr_line' id='line_1_20' title="bbox 316 2723 1328 2812; baseline -0.006 -18"><span class='ocrx_word' id='word_1_133' title='bbox 316 2748 375 2794; x_wconf 84' lang='lat' dir='ltr'>uus</span> <span class='ocrx_word' id='word_1_134' title='bbox 393 2727 421 2812; x_wconf 81' lang='lat'>⁶)</span> <span class='ocrx_word' id='word_1_135' title='bbox 444 2747 515 2793; x_wconf 90' lang='lat' dir='ltr'>eam</span> <span class='ocrx_word' id='word_1_136' title='bbox 539 2725 600 2791; x_wconf 89' lang='lat' dir='ltr'>sub</span> <span class='ocrx_word' id='word_1_137' title='bbox 624 2745 707 2791; x_wconf 91' lang='lat' dir='ltr'>anno</span> <span class='ocrx_word' id='word_1_138' title='bbox 730 2724 797 2791; x_wconf 84' lang='grc'>896</span> <span class='ocrx_word' id='word_1_139' title='bbox 817 2736 961 2801; x_wconf 88' lang='lat' dir='ltr'>narrant,</span> <span class='ocrx_word' id='word_1_140' title='bbox 990 2723 1110 2793; x_wconf 83' lang='lat' dir='ltr'>Jaffeus</span> <span class='ocrx_word' id='word_1_141' title='bbox 1133 2735 1240 2791; x_wconf 89' lang='lat' dir='ltr'>tamen</span> <span class='ocrx_word' id='word_1_142' title='bbox 1260 2734 1328 2789; x_wconf 74' lang='lat' dir='ltr'>*tes-</span> 
     </span>
     <span class='ocr_line' id='line_1_21' title="bbox 316 2830 1329 2914; baseline -0.006 -14"><span class='ocrx_word' id='word_1_143' title='bbox 316 2833 446 2900; x_wconf 90' lang='lat' dir='ltr'>timonio</span> <span class='ocrx_word' id='word_1_144' title='bbox 471 2831 614 2897; x_wconf 79' lang='lat' dir='ltr'>investivi</span> <span class='ocrx_word' id='word_1_145' title='bbox 638 2831 667 2897; x_wconf 93' lang='lat' dir='ltr'>iu</span> <span class='ocrx_word' id='word_1_146' title='bbox 692 2831 823 2898; x_wconf 88' lang='lat' dir='ltr'>Romam</span> <span class='ocrx_word' id='word_1_147' title='bbox 844 2830 1021 2914; x_wconf 68' lang='lat' dir='ltr'>²J&#39;urbem,</span> <span class='ocrx_word' id='word_1_148' title='bbox 1052 2841 1194 2907; x_wconf 79' lang='lat' dir='ltr'>ateste,</span> <span class='ocrx_word' id='word_1_149' title='bbox 1226 2841 1262 2895; x_wconf 90' lang='lat' dir='ltr'>ut</span> <span class='ocrx_word' id='word_1_150' title='bbox 1283 2831 1329 2895; x_wconf 88' lang='lat' dir='ltr'>vi-</span> 
     </span>
     <span class='ocr_line' id='line_1_22' title="bbox 318 2935 1329 3024; baseline -0.004 -19"><span class='ocrx_word' id='word_1_151' title='bbox 318 2940 425 3015; x_wconf 87' lang='lat' dir='ltr'>detur,</span> <span class='ocrx_word' id='word_1_152' title='bbox 450 2937 577 3003; x_wconf 90' lang='lat' dir='ltr'>oculato</span> <span class='ocrx_word' id='word_1_153' title='bbox 601 2937 773 3024; x_wconf 86' lang='lat' dir='ltr'>conscripti</span> <span class='ocrx_word' id='word_1_154' title='bbox 797 2937 898 3013; x_wconf 86' lang='lat' dir='ltr'>nisus,</span> <span class='ocrx_word' id='word_1_155' title='bbox 926 2946 1042 3003; x_wconf 88' lang='lat' dir='ltr'>novem</span> <span class='ocrx_word' id='word_1_156' title='bbox 1067 2935 1231 3006; x_wconf 88' lang='lat' dir='ltr'>mensibus</span> <span class='ocrx_word' id='word_1_157' title='bbox 1254 2948 1329 3023; x_wconf 90' lang='lat' dir='ltr'>post</span> 
     </span>
     <span class='ocr_line' id='line_1_23' title="bbox 319 3041 1328 3129; baseline -0.002 -19"><span class='ocrx_word' id='word_1_158' title='bbox 319 3048 388 3129; x_wconf 86' lang='lat' dir='ltr'>ejus</span> <span class='ocrx_word' id='word_1_159' title='bbox 417 3055 553 3109; x_wconf 88' lang='lat' dir='ltr'>mortem</span> <span class='ocrx_word' id='word_1_160' title='bbox 576 3043 595 3106; x_wconf 86' lang='lat' dir='ltr'>i.</span> <span class='ocrx_word' id='word_1_161' title='bbox 620 3061 647 3107; x_wconf 86' lang='lat' dir='ltr'>u.</span> <span class='ocrx_word' id='word_1_162' title='bbox 671 3041 844 3108; x_wconf 87' lang='lat' dir='ltr'>Februario</span> <span class='ocrx_word' id='word_1_163' title='bbox 867 3043 939 3107; x_wconf 88' lang='lat' dir='ltr'>anui</span> <span class='ocrx_word' id='word_1_164' title='bbox 962 3042 1029 3109; x_wconf 81' lang='grc'>897</span> <span class='ocrx_word' id='word_1_165' title='bbox 1053 3042 1213 3109; x_wconf 70' lang='lat' dir='ltr'>accidiss&#39;e&#39;</span> <span class='ocrx_word' id='word_1_166' title='bbox 1236 3053 1328 3129; x_wconf 83' lang='lat' dir='ltr'>puta·</span> 
     </span>
     <span class='ocr_line' id='line_1_24' title="bbox 316 3147 1328 3234; baseline -0.001 -19"><span class='ocrx_word' id='word_1_167' title='bbox 316 3151 366 3216; x_wconf 87' lang='lat' dir='ltr'>vit.</span> <span class='ocrx_word' id='word_1_168' title='bbox 426 3151 493 3216; x_wconf 91' lang='lat' dir='ltr'>Nec</span> <span class='ocrx_word' id='word_1_169' title='bbox 522 3151 620 3214; x_wconf 89' lang='lat' dir='ltr'>multo</span> <span class='ocrx_word' id='word_1_170' title='bbox 651 3158 724 3233; x_wconf 92' lang='lat' dir='ltr'>pust</span> <span class='ocrx_word' id='word_1_171' title='bbox 759 3168 870 3212; x_wconf 89' lang='lat' dir='ltr'>mense</span> <span class='ocrx_word' id='word_1_172' title='bbox 899 3148 980 3214; x_wconf 85' lang='lat' dir='ltr'>lulio</span> <span class='ocrx_word' id='word_1_173' title='bbox 1016 3159 1154 3215; x_wconf 80' lang='lat' dir='ltr'>exeunte</span> <span class='ocrx_word' id='word_1_174' title='bbox 1187 3147 1328 3234; x_wconf 88' lang='lat' dir='ltr'>populus</span> 
     </span>
     <span class='ocr_line' id='line_1_25' title="bbox 317 3252 1328 3345; baseline -0.002 -24"><span class='ocrx_word' id='word_1_175' title='bbox 317 3257 490 3345; x_wconf 69' lang='lat' dir='ltr'>Romanus,</span> <span class='ocrx_word' id='word_1_176' title='bbox 520 3252 677 3320; x_wconf 84' lang='lat' dir='ltr'>miraculis</span> <span class='ocrx_word' id='word_1_177' title='bbox 700 3253 841 3319; x_wconf 86' lang='lat' dir='ltr'>Formusi</span> <span class='ocrx_word' id='word_1_178' title='bbox 866 3253 1015 3321; x_wconf 82' lang='lat' dir='ltr'>cadaveri</span> <span class='ocrx_word' id='word_1_179' title='bbox 1045 3253 1157 3321; x_wconf 87' lang='lat' dir='ltr'>affictis</span> <span class='ocrx_word' id='word_1_180' title='bbox 1186 3253 1328 3320; x_wconf 88' lang='lat' dir='ltr'>stimula-</span> 
     </span>
    </p>
   </div>
   <div class='ocr_carea' id='block_1_3' title="bbox 318 3446 1335 4305">
    <p class='ocr_par' dir='ltr' id='par_1_3' title="bbox 318 3446 1330 3864">
     <span class='ocr_line' id='line_1_26' title="bbox 393 3446 1330 3517; baseline 0 -14"><span class='ocrx_word' id='word_1_181' title='bbox 393 3448 418 3517; x_wconf 85' lang='lat'>1)</span> <span class='ocrx_word' id='word_1_182' title='bbox 454 3453 575 3515; x_wconf 87' lang='lat' dir='ltr'>Bouquet</span> <span class='ocrx_word' id='word_1_183' title='bbox 594 3450 634 3510; x_wconf 80' lang='lat' dir='ltr'>tx,</span> <span class='ocrx_word' id='word_1_184' title='bbox 657 3454 716 3500; x_wconf 71' lang='lat' dir='ltr'>cut.</span> <span class='ocrx_word' id='word_1_185' title='bbox 799 3452 824 3512; x_wconf 79' lang='lat'>2)</span> <span class='ocrx_word' id='word_1_186' title='bbox 862 3446 959 3503; x_wconf 86' lang='lat' dir='ltr'>Chron.</span> <span class='ocrx_word' id='word_1_187' title='bbox 978 3449 1017 3503; x_wconf 81' lang='lat' dir='ltr'>st.</span> <span class='ocrx_word' id='word_1_188' title='bbox 1035 3452 1133 3503; x_wconf 82' lang='lat' dir='ltr'>Bened.</span> <span class='ocrx_word' id='word_1_189' title='bbox 1151 3452 1167 3502; x_wconf 88' lang='lat' dir='ltr'>l.</span> <span class='ocrx_word' id='word_1_190' title='bbox 1185 3451 1203 3504; x_wconf 90' lang='grc'>1.</span> <span class='ocrx_word' id='word_1_191' title='bbox 1219 3464 1248 3516; x_wconf 87' lang='lat' dir='ltr'>p.</span> <span class='ocrx_word' id='word_1_192' title='bbox 1267 3454 1330 3504; x_wconf 74' lang='grc'><strong>994.</strong></span> 
     </span>
     <span class='ocr_line' id='line_1_27' title="bbox 338 3537 1330 3604; baseline 0 -14"><span class='ocrx_word' id='word_1_193' title='bbox 338 3558 340 3563; x_wconf 64' lang='grc'><em>’</em></span> <span class='ocrx_word' id='word_1_194' title='bbox 387 3537 416 3604; x_wconf 78' lang='grc'>9)</span> <span class='ocrx_word' id='word_1_195' title='bbox 452 3541 541 3590; x_wconf 78' lang='lat' dir='ltr'>Auxilii</span> <span class='ocrx_word' id='word_1_196' title='bbox 561 3539 635 3589; x_wconf 83' lang='lat' dir='ltr'>libell.</span> <span class='ocrx_word' id='word_1_197' title='bbox 658 3552 740 3602; x_wconf 86' lang='lat' dir='ltr'>super</span> <span class='ocrx_word' id='word_1_198' title='bbox 758 3552 841 3591; x_wconf 82' lang='lat' dir='ltr'>causa</span> <span class='ocrx_word' id='word_1_199' title='bbox 859 3545 886 3590; x_wconf 89' lang='lat' dir='ltr'>et</span> <span class='ocrx_word' id='word_1_200' title='bbox 904 3541 1010 3604; x_wconf 82' lang='lat' dir='ltr'>negotio</span> <span class='ocrx_word' id='word_1_201' title='bbox 1027 3541 1145 3590; x_wconf 82' lang='lat' dir='ltr'>Formosi</span> <span class='ocrx_word' id='word_1_202' title='bbox 1168 3552 1256 3603; x_wconf 85' lang='lat' dir='ltr'>papae</span> <span class='ocrx_word' id='word_1_203' title='bbox 1281 3540 1296 3590; x_wconf 95' lang='grc' dir='ltr'>Ι.</span> <span class='ocrx_word' id='word_1_204' title='bbox 1314 3541 1330 3590; x_wconf 93' lang='grc' dir='ltr'>Ι.</span> 
     </span>
     <span class='ocr_line' id='line_1_28' title="bbox 318 3622 1329 3693; baseline 0.003 -17"><span class='ocrx_word' id='word_1_205' title='bbox 318 3643 343 3690; x_wconf 87' lang='lat' dir='ltr'>p.</span> <span class='ocrx_word' id='word_1_206' title='bbox 366 3633 406 3677; x_wconf 79' lang='lat'>30.</span> <span class='ocrx_word' id='word_1_207' title='bbox 480 3622 504 3690; x_wconf 84' lang='lat' dir='ltr'>t)</span> <span class='ocrx_word' id='word_1_208' title='bbox 544 3628 641 3677; x_wconf 83' lang='lat' dir='ltr'>chron.</span> <span class='ocrx_word' id='word_1_209' title='bbox 660 3629 697 3678; x_wconf 84' lang='lat' dir='ltr'>St.</span> <span class='ocrx_word' id='word_1_210' title='bbox 716 3625 814 3678; x_wconf 86' lang='lat' dir='ltr'>Bened.</span> <span class='ocrx_word' id='word_1_211' title='bbox 832 3628 849 3677; x_wconf 93' lang='grc' dir='ltr'>Ι.</span> <span class='ocrx_word' id='word_1_212' title='bbox 867 3628 897 3689; x_wconf 84' lang='grc'>1.,</span> <span class='ocrx_word' id='word_1_213' title='bbox 917 3627 1024 3691; x_wconf 83' lang='lat' dir='ltr'>Liudpr.</span> <span class='ocrx_word' id='word_1_214' title='bbox 1041 3629 1059 3690; x_wconf 86' lang='lat'>1,</span> <span class='ocrx_word' id='word_1_215' title='bbox 1082 3633 1123 3690; x_wconf 83' lang='grc'>99,</span> <span class='ocrx_word' id='word_1_216' title='bbox 1145 3628 1231 3693; x_wconf 80' lang='lat' dir='ltr'>Sigeb.</span> <span class='ocrx_word' id='word_1_217' title='bbox 1248 3629 1329 3680; x_wconf 87' lang='lat' dir='ltr'>Gem-</span> 
     </span>
     <span class='ocr_line' id='line_1_29' title="bbox 318 3710 1330 3782; baseline -0.002 -15"><span class='ocrx_word' id='word_1_218' title='bbox 318 3717 393 3780; x_wconf 90' lang='lat' dir='ltr'>blae.‚</span> <span class='ocrx_word' id='word_1_219' title='bbox 414 3721 475 3778; x_wconf 79' lang='grc'><strong>999,</strong></span> <span class='ocrx_word' id='word_1_220' title='bbox 494 3716 624 3766; x_wconf 86' lang='lat' dir='ltr'>Flodoard</span> <span class='ocrx_word' id='word_1_221' title='bbox 646 3716 679 3765; x_wconf 89' lang='lat' dir='ltr'>de</span> <span class='ocrx_word' id='word_1_222' title='bbox 699 3716 771 3765; x_wconf 82' lang='lat' dir='ltr'>Rom.</span> <span class='ocrx_word' id='word_1_223' title='bbox 790 3720 863 3778; x_wconf 87' lang='lat' dir='ltr'>pont.</span> <span class='ocrx_word' id='word_1_224' title='bbox 885 3717 900 3767; x_wconf 91' lang='lat' dir='ltr'>l.</span> <span class='ocrx_word' id='word_1_225' title='bbox 920 3717 944 3776; x_wconf 88' lang='grc'>1.,</span> <span class='ocrx_word' id='word_1_226' title='bbox 964 3716 1063 3767; x_wconf 88' lang='lat' dir='ltr'>Concil.</span> <span class='ocrx_word' id='word_1_227' title='bbox 1083 3715 1191 3766; x_wconf 82' lang='lat' dir='ltr'>Roman.</span> <span class='ocrx_word' id='word_1_228' title='bbox 1211 3710 1245 3782; x_wconf 83' lang='lat' dir='ltr'>(a.</span> <span class='ocrx_word' id='word_1_229' title='bbox 1266 3711 1330 3782; x_wconf 81' lang='grc'><strong>198)</strong></span> 
     </span>
     <span class='ocr_line' id='line_1_30' title="bbox 319 3802 1275 3864; baseline -0.001 -10"><span class='ocrx_word' id='word_1_230' title='bbox 319 3820 377 3856; x_wconf 85' lang='lat' dir='ltr'>cun.</span> <span class='ocrx_word' id='word_1_231' title='bbox 399 3811 408 3855; x_wconf 84' lang='lat' dir='ltr'>t</span> <span class='ocrx_word' id='word_1_232' title='bbox 427 3829 457 3840; x_wconf 89' lang='lat'>-</span> <span class='ocrx_word' id='word_1_233' title='bbox 470 3808 493 3863; x_wconf 86' lang='grc'>9,</span> <span class='ocrx_word' id='word_1_234' title='bbox 513 3808 536 3853; x_wconf 90' lang='grc'>9.</span> <span class='ocrx_word' id='word_1_235' title='bbox 560 3803 649 3853; x_wconf 70' lang='lat' dir='ltr'>auxilii</span> <span class='ocrx_word' id='word_1_236' title='bbox 668 3802 773 3854; x_wconf 86' lang='lat' dir='ltr'>Deiens.</span> <span class='ocrx_word' id='word_1_237' title='bbox 793 3808 820 3855; x_wconf 90' lang='lat' dir='ltr'>et</span> <span class='ocrx_word' id='word_1_238' title='bbox 839 3805 933 3856; x_wconf 79' lang='lat' dir='ltr'>[niens.</span> <span class='ocrx_word' id='word_1_239' title='bbox 951 3819 974 3856; x_wconf 91' lang='lat' dir='ltr'>c.</span> <span class='ocrx_word' id='word_1_240' title='bbox 995 3809 1035 3854; x_wconf 82' lang='grc'>99.</span> <span class='ocrx_word' id='word_1_241' title='bbox 1108 3803 1134 3864; x_wconf 86' lang='lat' dir='ltr'>t)</span> <span class='ocrx_word' id='word_1_242' title='bbox 1171 3816 1194 3852; x_wconf 86' lang='lat' dir='ltr'>a.</span> <span class='ocrx_word' id='word_1_243' title='bbox 1214 3807 1275 3855; x_wconf 78' lang='grc'><strong>999.</strong></span> 
     </span>
    </p>

    <p class='ocr_par' dir='ltr' id='par_1_4' title="bbox 319 3890 1331 4032">
     <span class='ocr_line' id='line_1_31' title="bbox 390 3890 1331 3956; baseline -0.002 -15"><span class='ocrx_word' id='word_1_244' title='bbox 390 3891 416 3951; x_wconf 84' lang='grc'>6)</span> <span class='ocrx_word' id='word_1_245' title='bbox 453 3891 547 3941; x_wconf 84' lang='lat' dir='ltr'>Hertm.</span> <span class='ocrx_word' id='word_1_246' title='bbox 569 3891 666 3940; x_wconf 89' lang='lat' dir='ltr'>Chrou.</span> <span class='ocrx_word' id='word_1_247' title='bbox 684 3893 744 3945; x_wconf 83' lang='lat'><strong>896.</strong></span> <span class='ocrx_word' id='word_1_248' title='bbox 766 3891 939 3953; x_wconf 74' lang='lat' dir='ltr'>..Formosum</span> <span class='ocrx_word' id='word_1_249' title='bbox 957 3904 1055 3956; x_wconf 85' lang='lat' dir='ltr'>papam</span> <span class='ocrx_word' id='word_1_250' title='bbox 1074 3891 1129 3942; x_wconf 81' lang='lat' dir='ltr'>vul</span> <span class='ocrx_word' id='word_1_251' title='bbox 1146 3895 1211 3955; x_wconf 85' lang='lat' dir='ltr'>post</span> <span class='ocrx_word' id='word_1_252' title='bbox 1228 3890 1331 3942; x_wconf 87' lang='lat' dir='ltr'>obitum</span> 
     </span>
     <span class='ocr_line' id='line_1_32' title="bbox 319 3978 1175 4032; baseline -0.006 0"><span class='ocrx_word' id='word_1_253' title='bbox 319 3990 411 4032; x_wconf 85' lang='lat' dir='ltr'>mense</span> <span class='ocrx_word' id='word_1_254' title='bbox 432 3978 581 4029; x_wconf 79' lang='lat' dir='ltr'>effossum&#39;&#39;</span> <span class='ocrx_word' id='word_1_255' title='bbox 805 3986 807 3990; x_wconf 56' lang='lat'><strong><em>⁴</em></strong></span> <span class='ocrx_word' id='word_1_256' title='bbox 1174 3990 1175 3995; x_wconf 49' lang='lat'>¹</span> 
     </span>
    </p>

    <p class='ocr_par' dir='ltr' id='par_1_5' title="bbox 319 4058 1335 4305">
     <span class='ocr_line' id='line_1_33' title="bbox 392 4058 1332 4129; baseline 0.001 -16"><span class='ocrx_word' id='word_1_257' title='bbox 392 4067 416 4125; x_wconf 85' lang='lat'>7)</span> <span class='ocrx_word' id='word_1_258' title='bbox 454 4080 494 4129; x_wconf 87' lang='lat' dir='ltr'>ap.</span> <span class='ocrx_word' id='word_1_259' title='bbox 520 4070 640 4120; x_wconf 77' lang='lat' dir='ltr'>anastas.</span> <span class='ocrx_word' id='word_1_260' title='bbox 666 4065 783 4116; x_wconf 88' lang='lat' dir='ltr'>Biblioth.</span> <span class='ocrx_word' id='word_1_261' title='bbox 808 4065 850 4115; x_wconf 86' lang='lat' dir='ltr'>ed.</span> <span class='ocrx_word' id='word_1_262' title='bbox 868 4058 1000 4117; x_wconf 79' lang='lat' dir='ltr'>Blanchlni</span> <span class='ocrx_word' id='word_1_263' title='bbox 1017 4067 1044 4116; x_wconf 85' lang='lat' dir='ltr'>T.</span> <span class='ocrx_word' id='word_1_264' title='bbox 1061 4064 1095 4117; x_wconf 86' lang='lat' dir='ltr'>lv</span> <span class='ocrx_word' id='word_1_265' title='bbox 1117 4078 1143 4129; x_wconf 88' lang='lat' dir='ltr'>p.</span> <span class='ocrx_word' id='word_1_266' title='bbox 1159 4065 1226 4117; x_wconf 78' lang='lat' dir='ltr'>Lxx</span> <span class='ocrx_word' id='word_1_267' title='bbox 1255 4065 1332 4126; x_wconf 83' lang='lat' dir='ltr'>„jam</span> 
     </span>
     <span class='ocr_line' id='line_1_34' title="bbox 319 4153 1335 4222; baseline -0.002 -17"><span class='ocrx_word' id='word_1_268' title='bbox 319 4155 382 4215; x_wconf 83' lang='lat' dir='ltr'>post</span> <span class='ocrx_word' id='word_1_269' title='bbox 410 4166 509 4204; x_wconf 86' lang='lat' dir='ltr'>novem</span> <span class='ocrx_word' id='word_1_270' title='bbox 536 4167 644 4222; x_wconf 84' lang='lat' dir='ltr'>menses</span> <span class='ocrx_word' id='word_1_271' title='bbox 672 4153 819 4206; x_wconf 84' lang='lat' dir='ltr'>marcidum</span> <span class='ocrx_word' id='word_1_272' title='bbox 838 4159 866 4204; x_wconf 88' lang='lat' dir='ltr'>et</span> <span class='ocrx_word' id='word_1_273' title='bbox 891 4168 961 4218; x_wconf 87' lang='lat' dir='ltr'>pene</span> <span class='ocrx_word' id='word_1_274' title='bbox 985 4157 1012 4205; x_wconf 87' lang='lat' dir='ltr'>iu</span> <span class='ocrx_word' id='word_1_275' title='bbox 1035 4154 1145 4217; x_wconf 82' lang='lat' dir='ltr'>pulvere</span> <span class='ocrx_word' id='word_1_276' title='bbox 1170 4153 1335 4204; x_wconf 70' lang='lat' dir='ltr'>redacmms&#39;</span> 
     </span>
     <span class='ocr_line' id='line_1_35' title="bbox 322 4240 650 4305; baseline -0.003 -14"><span class='ocrx_word' id='word_1_277' title='bbox 322 4240 368 4291; x_wconf 84' lang='lat' dir='ltr'>cir.</span> <span class='ocrx_word' id='word_1_278' title='bbox 385 4240 451 4292; x_wconf 76' lang='lat' dir='ltr'>saue</span> <span class='ocrx_word' id='word_1_279' title='bbox 468 4242 527 4305; x_wconf 81' lang='lat' dir='ltr'>iteg.</span> <span class='ocrx_word' id='word_1_280' title='bbox 546 4253 571 4304; x_wconf 90' lang='lat' dir='ltr'>p.</span> <span class='ocrx_word' id='word_1_281' title='bbox 592 4245 650 4291; x_wconf 80' lang='lat' dir='ltr'>tot.</span> 
     </span>
    </p>
   </div>
   <div class='ocr_carea' id='block_1_4' title="bbox 0 0 1409 4958">
    <p class='ocr_par' dir='ltr' id='par_1_6' title="bbox 0 0 1409 4958">
     <span class='ocr_line' id='line_1_36' title="bbox 0 0 1409 4958; baseline 0 0"><span class='ocrx_word' id='word_1_282' title='bbox 0 0 1409 4958; x_wconf 95' lang='lat' dir='ltr'> </span> 
     </span>
    </p>
   </div>
  </div>
 </body>
</html>
