2782 4950
657 650 732 714 182

193 821 259 887 934
292 820 490 888 continuator
524 821 693 908 Reginonis
727 819 907 909 loquitur!).
965 820 1038 887 Taxi
1070 841 1098 885 a.
1131 818 1196 886 931

194 938 380 1016 procreato,
403 925 519 992 eodem
543 947 625 992 anno
650 927 773 994 Ottonis
796 927 882 1015 regis
905 927 1048 992 inimicos
1072 923 1113 991 ab
1137 926 1200 990 Un-

193 1034 277 1122 garis
300 1031 443 1099 subsidia
465 1032 617 1118 petivisse
647 1033 736 1109 dicit,
768 1053 807 1098 ea
831 1053 914 1121 quae
940 1053 965 1099 s.
984 1055 1012 1099 a.
1029 1031 1096 1098 953
1120 1051 1198 1097 con·

191 1141 329 1206 tinuatur
348 1137 519 1224 Reginonis
543 1149 662 1217 narrat,
685 1139 747 1204 huc
771 1138 924 1206 referens.
968 1138 1118 1226 Sequitur
1140 1136 1200 1202 de·

192 1247 288 1333 nique
321 1240 460 1310 mendax
492 1263 619 1331 pugnae
656 1242 698 1310 ad
722 1245 829 1311 Licum
858 1245 962 1333 (juxta
985 1244 1128 1310 Rhenum
1158 1264 1200 1308 ex

193 1351 271 1417 illius
294 1350 454 1437 opinione)
478 1349 669 1417 commissae
693 1349 884 1438 descriptio,
907 1373 1002 1440 quam
1025 1351 1056 1415 in
1080 1351 1200 1438 glorio-

192 1480 261 1525 sam
279 1459 476 1544 Ungarorum
498 1456 661 1523 victoriam
685 1469 792 1536 mutat,
816 1458 857 1524 de
873 1456 1028 1525 Botondio
1051 1457 1199 1544 principe

192 1567 326 1654 ejusque
354 1561 457 1629 reditu
484 1561 598 1628 iisdem
622 1584 754 1650 prorsus
778 1565 897 1642 relatis,
928 1583 1011 1652 quae
1034 1583 1132 1649 supra
1157 1561 1200 1628 de

190 1671 313 1761 proelio
334 1668 376 1736 ed
401 1670 521 1735 Aenum
544 1667 670 1735 fluvium
699 1669 814 1737 coliata
837 1680 1029 1737 narraverat.
1085 1668 1199 1736 Consi-

191 1775 375 1844 derantibus
398 1773 506 1850 nobis,
537 1785 653 1862 quanta
675 1785 828 1862 peccata,
859 1775 957 1842 modo
979 1774 1199 1842 demonstrata

190 1882 232 1950 eb
256 1901 417 1969 anonymo
450 1883 620 1947 commissa
649 1881 710 1948 sint
738 1901 777 1949 ac
799 1882 1072 1970 perpendentibus
1095 1894 1197 1951 totam

191 1987 432 2076 expugnationis
465 1987 620 2053 rationem
649 1987 690 2055 ab
720 2009 760 2054 eo
792 2011 855 2056 non
884 1999 973 2055 recte
1001 2000 1197 2077 conceptam

190 2113 274 2173 esse,
297 2092 509 2159 Schioezerus
531 2092 555 2178 ¹)
579 2104 611 2160 et
626 2093 805 2185 Palackyns
822 2096 851 2181 ¹)
872 2097 921 2161 vix
941 2095 970 2161 in
987 2115 1099 2162 ermre
1123 2116 1198 2163 ver·

189 2200 248 2267 sati
283 2219 358 2266 esse
389 2197 594 2280 videbuntur,
628 2201 713 2267 iilum
745 2200 867 2268 tabulas
896 2201 1030 2269 Milesias
1064 2199 1198 2269 finxisse

187 2305 363 2393 opinantes.
386 2337 454 2392 -q

260 2552 285 2614 t)
321 2551 418 2603 Nestor
436 2554 477 2616 111,
496 2568 522 2619 p.
543 2560 593 2607 113
613 2571 671 2623 sqq.

259 2633 286 2704 1)
323 2639 417 2693 Gesch.
436 2655 462 2694 v.
480 2644 615 2696 Boehmen
634 2643 654 2710 1,
677 2649 725 2698 tto
745 2647 805 2699 adn.
826 2650 886 2710 111,
907 2645 956 2699 itt
976 2645 1037 2698 adn.
1058 2649 1120 2699 mt.
1140 2671 1178 2685 -
