2796 4958
778 664 853 728 lto

318 837 426 905 tacere
456 841 659 909 tentaverat,
678 831 812 900 easdem
837 843 870 901 et
893 832 1032 922 majores
1056 858 1152 925 quam
1177 849 1330 925 paternas

320 965 401 1032 opes
416 937 596 1015 tradidisse,
620 939 778 1006 neminem
803 939 945 1029 effugere
963 953 1078 1029 potest.
1116 945 1177 1022 Qui
1194 944 1330 1011 alteram

320 1048 523 1122 sententiam,
558 1067 598 1111 ex
630 1066 692 1134 qua
721 1046 905 1115 liutboldus
929 1048 954 1134 ¹)
984 1069 1087 1136 nepos
1123 1051 1216 1116 luerit
1248 1051 1329 1117 illius

319 1154 440 1223 Ernesti
464 1152 685 1220 Carolomanui
714 1152 835 1230 soceri,
864 1174 942 1240 prae
970 1175 1007 1220 se
1028 1154 1179 1234 tulerunt,
1210 1157 1241 1222 in
1265 1156 1353 1223 lroc·

320 1281 430 1330 errore
444 1270 617 1338 versantur,
641 1257 728 1346 quod
746 1257 842 1323 filiam
859 1260 927 1346 ejus
943 1258 1059 1325 Arnulfi
1078 1273 1208 1328 matrem
1230 1262 1329 1328 luisse

320 1368 461 1437 credunt.
521 1365 675 1454 Equidem
705 1364 736 1429 id
765 1375 884 1430 tantum
914 1387 973 1452 pro
1010 1366 1176 1453 explorato
1211 1367 1327 1444 habeo,

319 1471 518 1540 Liutboldum
536 1469 748 1538 Liutswindae
763 1470 977 1538 nobilissimae
996 1471 1141 1552 feminae,
1166 1473 1257 1561 cujus
1282 1473 1328 1560 ig-

320 1599 471 1647 noramus
496 1579 662 1665 originem,
676 1586 730 1644 aut
751 1588 903 1663 nepotem
923 1591 976 1645 aut
994 1578 1221 1646 consobrinum
1240 1579 1330 1646 ideo·

322 1707 384 1776 que
409 1706 447 1750 ex
465 1684 621 1750 Cariathia
640 1682 816 1762 oriundum,
840 1684 908 1771 regi
932 1682 997 1752 filio
1020 1689 1090 1767 ejus
1115 1706 1133 1752 a
1158 1706 1261 1773 puero
1287 1686 1331 1752 la-

321 1792 471 1857 miliarem
488 1789 593 1858 luisse.
627 1792 761 1856 Praeter
777 1791 936 1877 regiones,
959 1811 1039 1878 quas
1063 1812 1160 1879 supra
1184 1791 1329 1868 diximus,

320 1920 392 1964 eum
417 1897 511 1962 etiam
536 1896 674 1983 inpage
698 1896 907 1984 Solanzgowe
933 1897 1007 1983 pagi
1030 1896 1213 1984 Nordgowc
1236 1910 1327 1984 parte

320 2005 502 2072 comitatum
526 2000 685 2080 habuisse,
709 2003 819 2069 charta
832 2002 993 2091 quaedam
1009 2002 1105 2070 docet
1122 2008 1166 2084 ¹),
1188 2002 1328 2071 eundem

318 2128 448 2175 marcae
479 2128 608 2196 quoque
638 2108 781 2174 orientali
811 2108 987 2195 praefuisse
1017 2113 1098 2177 sieut
1124 2131 1237 2176 omnes
1262 2111 1328 2176 tere

319 2216 493 2303 scriptores
516 2215 712 2281 recentiores
738 2231 801 2302 ⁴pro
833 2227 923 2281 certo
946 2215 1064 2282 habent
1093 2238 1251 2307 nusquam
1276 2238 1329 2284 ex-

319 2322 439 2409 pressis
458 2320 564 2386 vorbis
589 2319 703 2386 dicitur
726 2340 832 2407 neque
857 2341 896 2387 ex
920 2321 1111 2389 marchionis
1127 2324 1328 2412 cognomine,

320 2427 406 2516 quod
430 2428 461 2491 in
486 2443 626 2491 marcam
651 2425 863 2492 Bohemorum
884 2430 914 2508 ⁸)
938 2426 1048 2495 referri
1073 2441 1188 2516 potest,
1212 2452 1326 2498 neces-

318 2533 403 2600 sario
428 2530 647 2617 consequitur,
678 2553 698 2597 a
728 2531 794 2597 veri
824 2543 929 2598 tamen
959 2534 1160 2604 similitudine
1183 2559 1247 2604 non
1272 2536 1328 2604 ab·

319 2638 433 2705 horret.
480 2635 677 2722 Conjectura,
702 2659 796 2724 qnam
819 2639 1061 2730 Horrnayrus'⁴)
1084 2642 1166 2722 lecit,
1190 2643 1328 2709 Liutbol-

319 2745 394 2811 dum
420 2753 451 2809 et
473 2741 642 2808 drihonem
666 2741 763 2809 luisse
787 2743 900 2812 tratres
922 2746 1007 2812 adeo
1031 2749 1116 2814 omni
1138 2760 1327 2836 argumento

319 2861 422 2928 caret,
453 2860 500 2928 nt,
530 2848 617 2936 quod
646 2847 688 2914 ab
714 2849 780 2916 aliis
803 2849 960 2917 historicis
983 2853 1052 2920 sino
1076 2855 1221 2920 examine
1253 2876 1326 2941 pro-

318 2957 392 3030 bata
416 2957 464 3034 sit,
488 2954 580 3020 valde
605 2955 707 3021 mirer.
726 2993 770 3005 -

408 3063 517 3128 Mense
548 3061 629 3146 llajo
660 3061 805 3146 ejusdem
836 3063 907 3128 anni
937 3059 1036 3143 (895)
1069 3064 1196 3132 ineunte
1217 3067 1243 3152 ³)
1272 3088 1327 3133 rex

247 3227 250 3233 .
320 3191 392 3243 cum
416 3187 532 3254 magna
557 3165 722 3243 nobilium,
746 3168 989 3254 episcoporum,
1022 3167 1173 3237 abbatum
1198 3185 1327 3240 caterva

318 3274 478 3345 Triburiae
503 3274 533 3339 in
556 3273 626 3338 villa
648 3273 735 3359 regia
760 3283 950 3338 conventum
972 3272 1080 3341 habuit
1104 3278 1131 3364 ⁸)
1154 3282 1325 3367 „quatinus

317 3380 497 3469 infatigabili
520 3378 759 3476 perseverantia
792 3378 895 3444 divina
920 3390 951 3445 et
984 3378 1119 3449 humana
1149 3395 1326 3452 tractaren-

390 3628 414 3697 1)
451 3631 603 3696 Hormapr's
622 3631 725 3696 Herzog
743 3631 870 3693 liutpold.
890 3643 915 3694 p.
935 3635 967 3682 98
980 3658 1008 3670 -
1027 3637 1087 3684 tto.

388 3713 413 3782 2)
452 3715 518 3769 llied
534 3719 596 3771 cod.
616 3720 675 3782 dipl.
694 3721 866 3782 episcopatus
887 3719 1018 3771 Ratisbon.
1036 3718 1055 3783 l,
1078 3727 1116 3772 79.
1139 3723 1172 3784 (a.
1192 3725 1254 3787 stt)
1276 3728 1326 3788 „in

314 3819 384 3870 pago
404 3805 578 3870 Solanzgowe
594 3809 622 3860 in
641 3809 766 3862 comitatu
785 3807 920 3870 liutpoldi.
928 3808 938 3824 '¹
961 3833 989 3842 -

387 3889 412 3958 a)
450 3895 494 3945 etr.
515 3896 629 3959 Neugart
648 3894 668 3957 l,
688 3900 737 3944 525
757 3891 904 3960 (Boehmer,
929 3892 1008 3958 ttto)
1028 3899 1158 3963 „liutpott
1177 3901 1231 3950 dux
1252 3901 1325 3951 Boe-

304 3973 465 4041 'rpanorum''
485 3982 509 4044 (i,
532 3995 555 4032 e.
577 3981 661 4039 limitis
680 3984 824 4044 Bahemr'ci;
843 3998 867 4034 a.
885 3981 953 4047 9⁰³).
973 4012 1007 4022 -

384 4068 409 4127 t)
445 4070 548 4134 Herzog
568 4070 698 4134 Luitpntd.
717 4084 743 4134 p.
764 4074 807 4121 91.

383 4156 408 4223 tt)
451 4157 560 4208 Chartas
578 4172 625 4209 rex
644 4159 776 4212 triburiae
799 4159 870 4212 dedit
888 4159 931 4210 die
953 4165 976 4216 7,
996 4165 1018 4218 a,
1036 4166 1065 4210 tt
1087 4159 1145 4228 Majt
1166 4178 1199 4214 m.
1219 4165 1326 4228 (Boeb-

312 4255 377 4301 mcc
399 4247 466 4296 1113
485 4269 513 4280 -
528 4244 616 4315 ltro),
690 4248 714 4309 c)
752 4247 825 4302 Pertz
846 4247 922 4312 trag.
946 4249 963 4312 l,
987 4253 1044 4301 tte.
