2796 4958
71 845 151 912 rium
174 845 379 932 (Reieltenau)
402 855 435 912 et
458 842 672 912 constantiam
700 845 882 930 perveniret
901 843 941 930 ¹),
968 844 1078 912 llatto-

67 954 117 1018 nis
149 952 274 1019 abbatis
309 954 499 1030 interventu,
533 951 584 1018 cui
619 949 705 1018 done
740 961 831 1016 erant
863 950 938 1018 data
970 953 1075 1020 omnia

66 1058 209 1145 praedia,
233 1081 297 1126 uno
315 1070 461 1146 exceptu,
484 1059 627 1125 restituta
646 1068 727 1124 suut.
761 1057 958 1125 Alamannos
967 1070 1074 1125 tamen

68 1166 163 1230 etiam
187 1166 333 1252 sequenti
353 1178 499 1253 tempore
523 1165 650 1231 inimico
674 1164 703 1228 in
718 1184 832 1252 regem
846 1165 952 1232 animo
967 1165 1074 1242 luisse.

67 1271 224 1336 annalium
247 1269 449 1338 Fuldensium
474 1270 571 1339 verba
599 1280 768 1350 testantur,
799 1292 858 1338 eos
881 1272 996 1360 „quasi
1020 1292 1074 1339 ae·

66 1379 252 1463 gratantes”
278 1378 321 1445 ab
350 1377 556 1464 expeditione
583 1397 612 1442 a.
639 1374 704 1442 891
738 1387 847 1442 contra
877 1379 1075 1444 Normanuos

67 1496 219 1571 suscepta
243 1485 273 1549 in
297 1485 432 1569 patriam
455 1504 514 1549 sua
537 1491 653 1568 sponte
682 1502 830 1548 reversos
858 1503 941 1550 esse.
990 1485 1075 1562 Qua-

68 1602 201 1676 propter
241 1609 297 1654 rex
339 1588 476 1654 natalem
509 1588 635 1654 Domini
671 1587 818 1675 ejusdem
859 1590 932 1656 anni
966 1592 1076 1658 Ulmae

67 1715 168 1782 agens
185 1695 213 1780 ²)
243 1715 346 1782 usque
373 1694 404 1759 iu
427 1713 572 1760 mensem
595 1694 776 1761 ianuarium
806 1707 975 1762 exeuntem
993 1698 1021 1783 ⁸)
1043 1699 1074 1764 in

66 1800 250 1866 Alamannia
272 1811 413 1866 moratus
437 1811 493 1878 est,
517 1799 701 1866 Bernhardo
721 1820 761 1865 eo
782 1799 908 1866 circiter
926 1813 1073 1892 tempore

66 1927 85 1970 a
120 1905 254 1972 Rndollc
275 1906 303 1993 ⁴)
337 1905 521 1973 marchione
556 1906 686 1974 Raetiae
720 1906 879 1973 Cnriensis
899 1907 925 1993 ⁵)
963 1911 1075 1978 occiso

65 2011 156 2098 regio
187 2023 274 2078 certe
295 2014 394 2098 jussu.
453 2014 583 2102 Exque
609 2023 757 2107 tempore¹
777 2012 851 2078 nibil
874 2014 1008 2101 amplius
1030 2016 1074 2084 de

65 2117 310 2190 Alamannorum
327 2117 537 2187 seditionibus
556 2119 710 2197 audimus,
730 2120 826 2185 immo
846 2139 905 2185 ees
917 2130 950 2186 et
963 2133 1073 2188 eontra

65 2224 212 2291 lloravos
235 2237 267 2291 et
289 2224 320 2289 in
344 2224 462 2290 ltaliam
487 2236 593 2292 eastra
617 2245 748 2294 movere
771 2223 925 2291 videmus.
979 2227 1075 2313 Cujus

66 2331 246 2398 mutationis
283 2330 428 2419 prolecto
464 2352 580 2420 magua
616 2353 656 2399 ex
694 2341 786 2419 parte
820 2341 889 2397 erat
923 2330 1074 2400 Salomon

66 2449 186 2514 auctor,
210 2439 256 2503 vir
279 2438 485 2518 ‚,nobilitate‚
508 2439 698 2527 prudentiae
721 2458 760 2504 ac
784 2438 959 2524 sapientiae
980 2439 1074 2505 virtu-

65 2542 149 2608 tibus
179 2544 363 2631 insignitus”
383 2547 426 2633 Ἰ,
455 2547 508 2635 qui
539 2565 611 2613 cnm
642 2546 782 2633 quinque
814 2543 969 2632 deinceps
992 2547 1075 2633 regi-

65 2647 142 2728 bus,
165 2649 327 2716 Ludovico
352 2649 560 2729 Germanico,
592 2650 708 2718 Carolo
730 2651 782 2728 ΙΙΙ,
804 2649 947 2731 Amulio,
970 2650 1075 2718 Lude-
1101 2679 1108 2692 ·

65 2754 138 2821 vico
162 2756 213 2835 ΙΙ,
235 2755 386 2824 Conrado
409 2763 419 2821 Ι
440 2759 466 2844 ¹)
490 2759 520 2823 in
542 2769 629 2823 tanta
650 2767 739 2822 esset
761 2757 877 2843 gratia,
906 2767 941 2821 ut
963 2777 1076 2823 eorum

65 2860 176 2927 lavore
208 2861 361 2940 „tandem
394 2862 566 2930 duodecim
601 2860 747 2928 abbatias
776 2862 920 2927 rexisse”
952 2861 1077 2930 dicere·

65 2977 116 3031 tur
132 2965 168 3052 ⁸).
225 2967 272 3033 Ab
295 2968 389 3034 lsune
412 2969 497 3038 enim
519 2969 563 3036 St.
588 2967 666 3035 Galli
690 2965 848 3033 monacho
862 2978 973 3047 '‚,tune
995 2980 1077 3035 tem-

66 3127 267 3139 ——-.—.-.-.

120 3222 122 3227 '
142 3213 167 3280 Ι)
203 3219 269 3268 nnn.
282 3217 352 3268 Fuld.
371 3219 387 3268 Ι.
402 3220 425 3282 l,
438 3221 486 3270 No.
499 3221 575 3269 tort.
594 3218 737 3282 Gagernius
756 3214 821 3283 (vita
837 3219 898 3269 Aru.
912 3198 975 3280 imp.
991 3231 1017 3280 p.
1031 3216 1076 3281 lt)

64 3306 138 3354 recte
157 3304 226 3355 hanc
246 3306 365 3355 chartam
383 3308 409 3356 in
427 3306 479 3357 fine
499 3320 522 3356 a.
541 3311 591 3358 890
614 3319 715 3370 ponere
733 3306 824 3360 voluit.

137 3393 162 3452 2)
201 3394 265 3443 Anu.
285 3392 374 3454 Fuld..
394 3397 454 3444 891.

137 3479 162 3540 e)
183 3479 245 3530 ⁴Die
259 3464 307 3530 ΙΙ.
320 3481 377 3532 Jau.
396 3485 446 3532 8⁹2
466 3483 583 3534 tabulam
599 3481 672 3533 dedit
690 3482 723 3532 ad
738 3479 972 3532 Zusemarobuson
990 3492 1074 3543 propo

64 3567 210 3630 Augustam
228 3568 383 3619 Vindelicos.
402 3568 504 3633 Diimge
522 3571 582 3633 Reg.
600 3570 673 3634 Bad,
693 3574 735 3619 82.

139 3654 163 3715 Ι)
202 3658 267 3705 Anu.
291 3657 387 3719 Alam,
413 3660 461 3708 set
484 3695 499 3720 ,‚
508 3657 665 3720 Personam,
690 3657 706 3707 Ι.
724 3658 752 3708 K.
770 3671 786 3706 a
804 3652 916 3707 liudolfo
943 3658 1076 3722 occisus'',

63 3739 131 3790 aun.
149 3741 263 3793 Laubac.
282 3747 333 3794 892
354 3743 388 3795 id.
732 3806 736 3812 ,
756 3749 768 3817 J

137 3830 162 3889 5)
198 3832 313 3895 Neugart
341 3832 359 3892 l,
391 3834 449 3884 tm.
485 3833 601 3884 Traditio
628 3833 806 3884 Himilthrudis
838 3827 878 3896 (a.
904 3831 971 3897 890)
999 3834 1076 3899 „sub

62 3913 191 3967 Ruadollo
221 3919 290 3969 duco
308 3921 516 3970 Raetianorum.”
559 3921 590 3973 lu
614 3924 673 3986 dipl.
693 3935 715 3972 s.
732 3922 748 3971 l.
768 3921 826 3985 (No.
839 3921 924 3989 ,1190)
949 3924 1077 3973 nomina-

63 4001 106 4049 tur
133 4004 283 4062 „Purchart
306 4007 424 4057 marchio
449 3988 582 4059 Curiensis
607 4010 760 4069 Rhaetlae'',
786 4006 844 4069 ejus
870 4004 1016 4058 successor
1039 4006 1076 4072 (a

65 4090 137 4152 903).
159 4115 187 4125 -
264 4093 289 4154 e)
325 4095 379 4158 lieg
405 4098 508 4145 atet.
580 4093 606 4160 7)
643 4095 968 4158 Eklrehard.l.l.p.92.

139 4174 166 4239 8)
194 4179 236 4228 id.
255 4194 281 4242 p.
302 4185 344 4233 83.
381 4181 526 4232 Dimicandi
554 4196 659 4246 quoque
688 4196 742 4232 non
767 4168 861 4231 rudem
887 4182 1080 4246 luisseaterba

62 4261 122 4320 eius
152 4266 178 4313 in
210 4267 301 4319 charta
326 4271 440 4332 quadam
463 4270 561 4319 docent
586 4269 777 4332 „prolecturus
801 4271 828 4318 iu
851 4271 972 4334 bostem,
999 4272 1022 4320 si
1045 4271 1078 4320 de

831 4353 877 4417 δῦ
