2796 4958
321 812 385 857 non
415 787 521 878 gladio
552 788 639 876 quod
672 803 760 853 esset
791 789 898 876 utique
922 790 1035 866 levius,
1070 788 1128 855 sed
1160 790 1340 856 durissima

322 907 417 983 atque
440 895 639 962 atrocissima
661 894 751 959 lamis
764 905 866 960 morte
875 903 899 961 “.
923 932 960 945 -—
994 895 1127 972 Quoties
1141 895 1338 981 gravissima

321 1001 426 1087 inopia
451 1002 481 1065 in
505 1000 604 1067 altera
626 999 745 1067 saeculi
768 1000 804 1063 tx
831 1011 921 1086 parte
951 999 1082 1066 dimidia
1111 1001 1208 1066 miser
1231 1003 1337 1067 Fran·

323 1127 434 1173 corum
456 1107 594 1192 populus
618 1105 752 1172 affectus
776 1105 824 1181 sit,
847 1127 886 1172 ea
901 1105 941 1171 de
960 1127 996 1172 re
1020 1106 1158 1174 clamant
1179 1105 1229 1173 vel
1255 1105 1336 1173 bre-

320 1211 520 1279 vissimorum
543 1213 702 1280 annalium
725 1221 883 1288 auctores,
907 1233 945 1278 ex
963 1213 1078 1301 quibus
1093 1214 1136 1279 St
1151 1197 1335 1279 Columbae

320 1318 552 1384 senonensium
575 1320 764 1405 scriptorem
784 1318 895 1384 audire
915 1318 999 1396 libet,
1023 1320 1065 1384 ita
1087 1317 1147 1384 sub
1163 1338 1247 1383 anno
1262 1316 1335 1386 868

320 1425 514 1493 referentem
533 1424 576 1509 1);
610 1423 737 1503 „Extitit
767 1444 808 1489 eo
837 1445 920 1491 anno
956 1425 1057 1491 fames
1087 1436 1120 1491 et
1153 1423 1333 1490 mortalitas

320 1531 459 1598 inaudita
482 1551 542 1618 per
565 1541 662 1597 totum
693 1529 761 1596 lore
789 1530 954 1617 imperium
977 1534 1187 1609 Francorum,
1211 1565 1252 1581 -
1285 1530 1332 1597 ita

320 1648 354 1703 ut
384 1657 463 1722 prae
486 1635 683 1701 multitudine
705 1633 904 1701 morientium
928 1657 992 1703 nou
1016 1648 1125 1704 essent
1154 1635 1207 1723 qui
1230 1655 1333 1722 sepe·

319 1743 421 1808 lirent.
465 1743 544 1806 Nam
576 1740 712 1806 Senonis
746 1740 870 1807 civitate
902 1741 1018 1808 inventi
1052 1754 1125 1809 sunt
1156 1742 1173 1808 l
1206 1740 1260 1807 die
1287 1741 1332 1809 56

319 1847 465 1913 homines
489 1845 610 1911 mortui.
657 1846 773 1910 inventi
798 1856 871 1911 sunt
893 1849 987 1914 etiam
1011 1869 1050 1914 ea
1079 1858 1274 1935 tempestate
1300 1849 1331 1914 in

321 1951 437 2020 eodem
467 1971 553 2037 pago
583 1949 714 2017 masculi
743 1962 776 2015 et
805 1951 921 2018 femine
951 1975 1010 2040 pro
1041 1953 1143 2020 nelasl
1180 1953 1331 2021 homines

321 2059 399 2126 alios
423 2056 583 2124 occidisse
615 2069 646 2121 et
676 2055 867 2123 comedisse.
913 2061 992 2125 Nam
1025 2060 1055 2124 in
1079 2061 1179 2127 Ponto
1202 2061 1331 2129 siriaco

318 2165 449 2253 quidam
480 2173 625 2229 onestam
657 2160 805 2227 feminam
837 2163 952 2249 ospitio
984 2178 1169 2253 susceptam
1200 2167 1331 2248 occidit,

319 2270 585 2354 membratimque
610 2264 755 2332 dividens
779 2267 847 2334 sale
871 2269 1027 2347 condivit,
1057 2283 1089 2337 et
1111 2271 1170 2338 sibi
1194 2270 1331 2361 suisque

317 2376 387 2442 filiis
411 2369 650 2441 comedendum
672 2372 765 2438 coxit.
811 2375 843 2437 ln
867 2374 938 2460 ipsa
950 2375 1029 2441 urbe
1045 2377 1186 2463 quedam
1208 2378 1330 2445 lomina

318 2482 360 2548 de
388 2479 529 2568 quodam
556 2475 797 2544 adolescentulo
826 2480 967 2545 similiter
989 2480 1072 2549 iecit.
1118 2486 1151 2549 ln
1182 2483 1329 2570 pluribus

317 2589 412 2654 etiam
438 2583 516 2651 locis
540 2582 607 2649 aliis
631 2580 694 2648 buo
717 2584 823 2670 ipsum
847 2583 890 2651 ob
914 2585 1004 2652 lamis
1027 2590 1193 2674 penuriam
1224 2592 1328 2656 conti·

316 2694 402 2780 gissa
426 2691 509 2757 sama
532 2689 697 2774 vulgante,
729 2701 930 2777 compertum
960 2700 1040 2758 est“.
1087 2694 1185 2761 Etiam
1206 2695 1327 2762 Amulli

317 2796 514 2885 temporibus
538 2795 716 2881 pestilentia
740 2796 878 2863 etfama
908 2797 1100 2874 tristissima,
1132 2800 1264 2887 quibus,
1298 2803 1325 2866 si

317 2903 482 2972 annalibus
504 2900 714 2967 Fuldensibus
734 2904 764 2978 ²)
786 2899 869 2968 fides
894 2901 1073 2988 adjicienda
1095 2917 1190 2982 esset,
1214 2926 1242 2970 a.
1256 2905 1325 2972 870

302 2992 426 3096 „peno
450 3007 550 3073 tercia
573 3027 650 3092 pars
673 3007 799 3072 humani
822 3008 953 3093 generis
973 3017 1187 3097 consumpta“
1211 3011 1326 3094 luerat,

316 3127 429 3202 gentes
454 3112 548 3177 etiam
572 3122 668 3197 atque
693 3112 786 3178 etiam
817 3111 1028 3191 laboravisse,
1060 3116 1144 3180 multi
1169 3138 1229 3183 nos
1252 3137 1326 3185 oer-

315 3223 412 3288 tiures
437 3216 554 3283 iaciunt
578 3227 688 3294 testes,
718 3218 765 3284 his
789 3218 919 3306 quidem
943 3221 1033 3285 anuis
1056 3221 1215 3308 ejusmodi
1238 3224 1325 3290 cala-

315 3328 439 3394 mitates
463 3323 678 3409 assignantes:
706 3322 781 3401 880,
804 3322 879 3401 881,
903 3324 979 3402 882,
1001 3325 1076 3402 883,
1099 3325 1174 3402 880,
1197 3326 1266 3394 889
1285 3331 1323 3415 ⁸),

313 3433 379 3500 890
400 3431 436 3515 ⁴),
459 3427 534 3503 893,
558 3425 625 3494 895
651 3481 665 3505 ‚,
675 3430 716 3494 ita
741 3439 774 3493 nt
796 3450 855 3515 per
879 3429 1012 3515 plurima
1032 3430 1103 3498 loca
1117 3433 1220 3500 inedia
1244 3454 1323 3501 con·

313 3547 514 3606 sumerentur
523 3541 539 3568 ¹⁴
560 3535 595 3620 ⁶),
620 3533 686 3600 896
710 3541 740 3612 („
751 3534 910 3601 christiani
930 3535 1075 3603 homines
1099 3539 1227 3606 alterius
1250 3560 1323 3608 car·

311 3719 511 3735 —.--—-··

384 3827 408 3895 l)
446 3829 519 3877 Pertz
538 3826 582 3874 SS.
602 3824 620 3876 l.
638 3839 665 3888 p.
687 3831 746 3877 toa.
763 3827 809 3878 eir.
831 3830 899 3879 Anu.
919 3828 989 3879 Fuld.
1008 3842 1030 3878 a.
1053 3833 1113 3881 890.

381 3913 407 3981 2]
444 3918 509 3965 Anu.
527 3913 597 3962 Futd.
618 3926 640 3961 a.
662 3916 722 3962 87⁴.

381 4006 406 4064 9)
442 4005 508 4052 Ann.
528 4001 608 4061 r‘ntd,
629 4004 678 4049 880
691 4026 718 4034 —
731 4004 781 4052 889
801 4000 848 4052 cir.
868 4004 969 4055 [lichen
988 4006 1121 4055 Historiar.
1145 4006 1172 4055 L.
1191 4007 1208 4055 1.
1228 4020 1251 4056 c.
1272 4014 1299 4059 5.

381 4087 406 4157 l)
446 4093 510 4140 Ann.
529 4089 618 4149 Alam,
639 4092 698 4139 890.

378 4185 402 4240 a)
444 4183 505 4228 ann.
519 4176 599 4240 Fnld„
620 4179 680 4250 899,
702 4180 761 4241 995,
782 4177 946 4243 nnnmmn,
960 4183 1009 4233 998
1033 4180 1079 4235 olr.
1093 4183 1158 4234 Ann.
1171 4184 1244 4248 ved,
1257 4190 1318 4237 892.
