2796 4958
781 637 857 711 ld!

315 811 507 880 substituere
529 821 674 881 conante,
717 809 769 875 llle
793 812 886 888 enim,
909 831 951 880 eo
974 823 1163 900 argumento
1180 815 1325 883 tmaxirne

314 939 406 996 usus,
436 914 522 1004 quod
554 937 667 982 omnes
698 917 872 1002 scriptores
896 919 1056 1009 Byzantini
1081 921 1191 989 harant
1216 943 1323 988 rerum

315 1027 429 1100 lentes,
447 1022 619 1110 Symeouis
640 1021 834 1092 invasionem
860 1035 934 1109 post
947 1025 1098 1112 Stephani
1121 1026 1323 1113 patriarchae

314 1143 449 1201 mortem
472 1126 626 1203 referunt,
653 1148 759 1216 eoque
784 1127 928 1196 indicare
955 1130 1116 1207 videntur,
1149 1133 1231 1200 illam
1261 1132 1323 1200 hac

314 1243 526 1332 posteriorem
551 1235 662 1310 tuisse,
684 1247 716 1299 et
739 1234 928 1320 Stephanus,
953 1236 1066 1302 iisdem
1088 1238 1238 1314 testibus,
1263 1261 1323 1326 per

314 1370 414 1416 annos
445 1366 502 1412 sex
533 1361 661 1408 menses
693 1338 833 1428 quinque
864 1341 1014 1428 dignitate
1047 1344 1244 1430 patriarchali
1269 1366 1321 1410 or-

312 1466 404 1522 natus
429 1469 540 1517 mense
563 1447 644 1534 ldajo
671 1467 698 1512 a.
714 1444 782 1512 89⁸3
806 1451 952 1528 excessit,
973 1463 1048 1537 post
1067 1449 1151 1516 hune
1174 1471 1321 1517 mensem

312 1560 430 1628 bellum
455 1554 527 1621 illud
551 1567 675 1640 gestum
700 1573 775 1619 esse
799 1553 968 1621 arbitratus
991 1571 1048 1625 est
1094 1558 1161 1622 Nee
1184 1558 1319 1643 llrugius

311 1667 394 1732 hanc
413 1661 716 1728 demonstrationem
736 1660 796 1727 alio
814 1660 911 1727 modo
928 1662 1072 1729 refellere
1089 1661 1199 1749 potuit,
1221 1683 1318 1749 quam

311 1769 399 1860 qnod
423 1769 452 1832 in
476 1764 624 1839 omnibns
646 1763 704 1829 illis
726 1766 950 1851 scriptoribus.
974 1769 1193 1836 continuatore
1216 1767 1324 1836 Tlteo·v

310 1875 439 1964 phanis,
469 1873 633 1962 Symeone
654 1870 819 1956 Magistro.
852 1872 991 1960 Georgio
1013 1873 1185 1952 Monaeho,
1207 1874 1316 1941 Leone

310 1979 534 2055 Grammatico,
542 1975 698 2055 cedreno,
708 1976 830 2044 Codino
841 1979 1029 2065 Curopalata
1039 2001 1204 2047 numerum
1217 2001 1316 2048 auno-

309 2112 378 2158 rum
391 2083 541 2174 Stephani
558 2081 759 2170 corrigendo,
772 2104 873 2150 annos
886 2084 968 2151 duos
982 2085 1090 2172 legere
1105 2086 1202 2154 voluit
1217 2099 1315 2174 atque

308 2195 351 2263 ob
374 2213 445 2258 eam
476 2199 595 2257 tantum
625 2189 788 2265 rationem.
819 2192 892 2280 qnia
915 2192 1058 2280 Symeon
1081 2193 1230 2281 Magister
1260 2217 1314 2262 ex-

308 2299 502 2389 peditionem
532 2295 614 2361 illam
645 2295 705 2362 sub
736 2316 820 2364 anno
854 2298 945 2365 tertio
969 2299 1084 2365 Leonis
1112 2300 1314 2387 imperatoris

308 2408 340 2486 (i.
364 2427 392 2472 e.
415 2402 482 2470 888
502 2423 528 2466 s.
551 2400 633 2478 889)
662 2395 776 2468 narrat.
829 2402 895 2468 Sed
928 2403 978 2469 hic
1008 2406 1199 2482 auctoritati,
1228 2428 1313 2497 quae

307 2511 390 2578 nulla
411 2519 468 2585 est,
491 2506 590 2572 fidem
615 2506 740 2594 adjecit
764 2527 836 2574 oum
860 2529 880 2574 a
903 2513 1039 2586 nemine,
1068 2509 1121 2598 qui
1145 2511 1312 2598 lheoplra-

306 2618 356 2685 nis
378 2613 638 2689 continuatorum,
662 2613 851 2698 scriptorem
874 2617 994 2700 optime
1018 2613 1060 2681 de
1082 2614 1129 2682 lris
1152 2615 1253 2685 robus
1267 2619 1313 2683 in·

305 2732 459 2789 structum
482 2738 554 2785 cum
578 2719 743 2808 Symeone
766 2731 977 2807 compararet,
1007 2721 1038 2785 in
1062 2720 1192 2787 dubium
1216 2742 1311 2793 revo-

305 2829 370 2897 cari
395 2837 514 2912 posset,
547 2825 620 2913 quin
644 2825 750 2890 omnia
774 2846 831 2892 sua
856 2846 896 2892 ex
920 2825 970 2892 illo
990 2825 1149 2894 hausisset
1172 2840 1204 2894 et
1226 2827 1310 2899 sicut

304 2935 333 2999 ei
364 2931 482 2999 libitum
521 2930 643 3007 luisset,
683 2931 714 2997 in
751 2930 892 3018 singulos
926 2951 1028 2999 annos
1059 2931 1247 3019 digessisset
1270 2941 1309 3014 ¹).

302 3037 394 3104 tede
423 3035 511 3123 quod
541 3036 635 3102 etiam
666 3036 804 3123 scriptor
834 3036 1112 3103 Hildeslreimensis
1131 3038 1160 3123 ²)
1188 3059 1215 3104 a
1239 3037 1308 3106 att

302 3143 418 3214 bellum
444 3142 479 3220 (i.
502 3162 531 3207 e.
555 3140 724 3227 praelium)
747 3162 897 3228 magnum
920 3143 1000 3210 inter
1024 3145 1161 3210 Bavares
1190 3155 1223 3210 et
1247 3146 1309 3219 Un-¹

301 3269 399 3337 garos
421 3247 519 3314 luisse
550 3247 664 3322 refert,
693 3268 758 3335 quo
787 3248 860 3314 loco
892 3248 1041 3335 equidem
1072 3269 1136 3315 non
1158 3251 1307 3318 Moravos

300 3377 359 3444 pro
383 3354 516 3441 Ungarie
539 3353 598 3421 sed
622 3351 776 3439 Balgaros
799 3375 858 3440 pro
881 3354 1007 3419 Bavaris
1036 3353 1145 3442 legere
1169 3357 1305 3426 mallem.

299 3462 464 3550 Symeone
484 3461 584 3546 igitur,
613 3458 773 3526 Michaelis
795 3457 912 3524 Borisis
935 3456 998 3524 filio
1022 3469 1096 3524 natu
1125 3462 1248 3529 minore
1268 3465 1305 3545 ⁸),

233 3649 235 3654 Ι
298 3564 455 3631 Vladimiri
475 3564 575 3631 fratris
598 3584 799 3642 successore,
823 3585 850 3630 a.
867 3563 933 3629 893
946 3563 1115 3659 *victoriam
1140 3587 1179 3632 ex
1203 3568 1304 3636 Grae·

298 3671 345 3738 cis
368 3670 505 3751 serente,
537 3671 601 3736 Leo
626 3670 799 3756 imperator
822 3691 881 3756 per
902 3669 1052 3750 Nicetam¹
1068 3668 1214 3737 Sclerum
1235 3672 1304 3739 loe-

297 3775 357 3842 dus
393 3794 466 3841 curn
495 3774 628 3862 Ungaris
658 3775 722 3840 iniit
744 3774 771 3860 ⁴)
807 3786 840 3841 et
867 3773 1060 3840 Eustathium
1097 3774 1303 3864 drongarium

367 3969 392 4031 ll
427 3969 471 4019 olr.
483 3947 599 4034 'Kospke
618 3972 652 4020 de
670 3971 776 4035 Liudpr.
795 3985 820 4034 p.
840 3975 881 4023 tt.
899 3985 925 4023 n.
946 3977 968 4023 t.

365 4057 391 4118 ε)
427 4056 503 4108 reru
524 4060 568 4108 ss.
588 4058 630 4119 ru,
652 4063 696 4108 so.

363 4137 388 4208 t)
428 4144 485 4194 Vita
503 4145 539 4195 st
557 4145 707 4209 Clementis,
727 4160 749 4198 e.
772 4149 813 4199 te.
833 4161 859 4210 p.
879 4152 922 4199 tt.

337 4266 339 4272 Α
364 4232 389 4291 tt
425 4231 577 4296 theophan.
595 4233 737 4284 coudnuat
758 4236 798 4297 vt,
818 4240 842 4297 a,
862 4239 927 4286 ann
945 4237 1015 4286 fuld.
1036 4241 1097 4287 tat.
