2796 4958
796 597 847 661 dd

321 769 592 857 consanguinitate
615 769 804 855 conjunctus
825 768 864 854 ¹),
893 767 946 857 qni
968 780 1045 855 post
1072 780 1209 837 mortem
1232 769 1332 836 Lani-

321 879 403 946 berti
426 876 527 964 petrei
551 875 600 942 sni
629 874 762 961 ejusque
786 872 838 939 lilii
861 875 986 961 utrique
1010 872 1137 941 dueatni
1159 872 1330 960 Spoletino

321 994 472 1071 praeerat
487 981 524 1065 'l
549 979 742 1067 Lingonibus
762 980 934 1066 (langres)
956 978 997 1045 ab
1022 980 1169 1065 ejusdem
1193 979 1329 1046 civitatis

322 1089 480 1176 episeopo
509 1086 640 1154 Geilone
670 1085 853 1152 diademate
883 1097 1055 1155 exornatus
1083 1097 1133 1153 est
1152 1086 1190 1174 ⁸).
1248 1085 1330 1152 Cum

321 1216 399 1261 vero
424 1193 573 1261 Odonem
597 1205 629 1259 et
651 1193 682 1260 in
698 1192 888 1279 Burgundio,
909 1213 1005 1281 quarn
1030 1206 1063 1259 et
1084 1194 1185 1280 ipsam
1207 1193 1329 1279 petive-

267 1312 272 1319 '
322 1314 377 1379 rat,
401 1300 568 1368 liudolfum
591 1299 709 1388 pariter
727 1312 853 1368 creatos
871 1321 945 1368 esse
964 1302 1135 1389 acciperet,
1159 1299 1244 1366 omni
1267 1319 1329 1384 spe

322 1409 450 1496 abjecta
473 1408 504 1472 in
527 1407 659 1494 patriam
682 1405 782 1472 rediit
830 1407 936 1474 Faetio
960 1409 989 1474 ei
1017 1410 1126 1474 favens
1148 1405 1198 1473 vel
1222 1402 1328 1470 Odoni

322 1517 507 1588 adversans,
530 1533 722 1600 quamquam
746 1513 889 1601 plerique
909 1515 1022 1600 partini
1038 1513 1196 1580 blanditiis
1213 1511 1327 1598 partim

320 1617 434 1687 tirnore
457 1618 534 1686 moti
556 1618 586 1684 ei
609 1615 708 1683 fidem
732 1617 888 1686 dederant
908 1621 951 1706 ⁴),
983 1635 1095 1687 eontra
1126 1620 1195 1706 ejus
1225 1616 1328 1684 dorni-

321 1739 429 1793 natnm
462 1724 634 1790 machinari
664 1745 729 1789 non
758 1723 852 1791 desiit
882 1725 1016 1815 ejusque
1047 1727 1207 1813 principes
1230 1723 1327 1790 Fuleo

321 1830 583 1918 archiepiscopus
616 1828 816 1909 ehamensis,
847 1830 988 1905 widonis
1018 1833 1274 1919 consanguineus
1293 1831 1328 1914 ⁹),

320 1939 392 2019 „vir
414 1934 606 2005 admirabilis
632 1956 690 2022 per
717 1936 823 2007 omnia
832 1942 848 1970 “
870 1937 896 2023 l)
926 1938 988 2011 sed
1010 1960 1136 2011 summa
1155 1937 1328 2010 ambitione

322 2043 448 2122 ductus,
470 2040 621 2111 liudolfus
645 2040 749 2112 abbas
772 2041 815 2115 St.
841 2044 966 2116 vedasti
990 2057 1023 2118 et
1044 2045 1088 2116 St.
1113 2045 1237 2124 Reatini,
1260 2043 1329 2113 flat.

321 2151 437 2219 doinus
465 2168 577 2218 eomes
601 2147 815 2228 Flandrensis‚
846 2149 928 2221 lilius
955 2150 1096 2224 Baidnini
1127 2164 1159 2220 et
1179 2151 1328 2220 ludithae

321 2257 426 2326 Caroli
448 2255 534 2321 Calvi
556 2252 640 2321 filiae
660 2260 690 2332 t)
713 2255 755 2320 ad
777 2257 937 2326 drnullom
960 2257 1096 2345 proiecti
1116 2258 1158 2345 ⁸),
1182 2279 1273 2337 eum,
1296 2271 1330 2325 ut

321 2362 486 2430 Franciam
528 2358 762 2431 occidentalem
801 2360 863 2432 sibi
899 2362 1090 2442 vindicaret,
1130 2363 1330 2452 persuadere

320 2465 515 2541 studuerunt.
574 2465 663 2542 Quos
692 2485 749 2531 rex
776 2478 852 2538 vota
881 2480 914 2540 et
944 2489 1062 2555 preces.
1091 2491 1201 2538 eorum
1232 2490 1329 2556 repu-

321 2575 413 2641 dians
443 2570 537 2649 „sine
560 2569 621 2640 ullo
653 2572 784 2643 oonsilio
808 2573 858 2647 vel
888 2575 1131 2655 ennsolatione“
1154 2575 1271 2645 dimisit
1289 2581 1328 2656 ⁰).

321 2676 490 2754 leibnitius
513 2676 557 2762 ¹⁹)
580 2674 623 2746 ad
646 2677 825 2747 contionem
849 2680 1033 2767 generalem
1055 2681 1249 2750 Franoolnrti
1273 2702 1329 2750 ee·

393 2950 418 3008 1)
455 2946 586 2997 flodoard
611 2946 675 2997 liist.
693 2943 785 2997 Rheni.
804 2947 845 3012 lv,
866 2954 891 3001 t.
923 2951 1004 3002 l'uloo
1021 2956 1097 3017 rogat
1115 2953 1269 3015 widonem,
1298 2957 1328 3002 nt

320 3050 383 3100 erga
397 3035 521 3087 (lerolnm
539 3033 629 3096 simpl.
649 3030 727 3098 „talis
744 3037 846 3098 existat,
865 3039 969 3101 qualem
990 3055 1051 3092 eum
1071 3055 1133 3106 erga
1149 3043 1328 3104 propinquum

318 3126 433 3174 existere
460 3119 564 3172 deeet“
598 3122 695 3174 Chron.
717 3124 870 3182 salernitan.
895 3140 917 3176 e.
939 3131 998 3177 tlte.
1024 3128 1107 3187 (Pertz
1133 3131 1177 3180 ss.
1197 3129 1236 3188 iv,
1256 3123 1328 3192 titi).

320 3213 379 3272 ida,
403 3222 471 3260 uxor
489 3211 626 3259 Guaimarii
644 3212 769 3273 principis
788 3212 941 3264 salernitani
958 3227 992 3264 ex
1010 3216 1131 3266 widonis
1152 3230 1249 3287 genere
1268 3221 1328 3267 oria

318 3299 353 3349 ibi
372 3299 471 3351 dixisse
489 3296 573 3353 fertur
591 3297 664 3362 „Ego
683 3311 744 3348 sum
762 3312 796 3362 en
813 3302 894 3368 regali
911 3306 1040 3381 stegmate
1056 3305 1137 3367 orte.''
1156 3303 1203 3362 cir.
1223 3304 1327 3361 wenek

320 3388 569 3450 t.1.p.ta-tt.
591 3409 619 3420 -

392 3472 420 3538 Ξ)
455 3473 634 3535 Erehempert.
659 3488 683 3524 o.
712 3478 752 3530 ie.
780 3474 824 3524 cir.
851 3475 896 3538 Ep,
921 3476 1033 3538 lohann.
1056 3478 1119 3540 Viti,
1145 3484 1204 3542 29³.
1233 3479 1328 3540 (Mansi

319 3562 395 3623 livii,
415 3558 491 3632 atil,
520 3563 546 3611 in
571 3574 623 3636 qna
649 3564 759 3637 uterque
784 3562 862 3621 wide
890 3571 1007 3621 vocator.
1042 3565 1174 3626 Faitesehi
1196 3567 1277 3619 duohi
1301 3569 1327 3623 di

320 3652 428 3715 Spoleto
448 3663 475 3713 p.
498 3653 537 3711 75„

393 3738 418 3799 3)
453 3739 519 3787 nnn.
538 3736 604 3787 ved.
623 3739 688 3797 aa&
706 3735 845 3798 Erehemp-
867 3751 890 3787 e.
911 3743 952 3801 79,
971 3741 1044 3792 Llnrl.
1063 3739 1083 3804 1,
1106 3745 1137 3804 lt
1152 3768 1179 3778 -
1196 3747 1237 3799 io,

394 3826 418 3892 t)
455 3827 520 3880 dnn.
538 3824 604 3882 Ved.
625 3826 684 3882 888.
756 3823 782 3884 lt)
817 3823 954 3885 flodoard.
973 3829 1036 3889 illst.
1055 3830 1144 3890 llltem.
1163 3830 1204 3891 lv,
1227 3835 1252 3896 t,
1273 3836 1297 3881 8.

392 3906 418 3979 ⁶).
455 3913 521 3973 dnn,
541 3913 606 3970 vad.
626 3916 686 3963 883.
759 3912 783 3970 7)
822 3912 1081 3988 Bouquetlll‚818,.

391 3998 418 4065 8)
453 4003 520 4053 Ano.
540 4001 603 4052 ved.
622 4003 680 4054 880,
716 3997 797 4060 Epist.
822 3999 943 4052 Falconis
966 4002 1073 4051 Arnullo
1097 4002 1230 4067 inscripta.
1256 4005 1329 4056 Flod.

302 4071 382 4138 ‘nist
400 4088 488 4140 noem.
505 4089 545 4148 rr,
564 4093 588 4137 a.
661 4082 689 4146 a)
727 4085 813 4137 verna
832 4087 952 4140 rutnans
971 4088 1062 4150 ipsius.

390 4176 432 4237 lo)
469 4174 558 4226 Annei.
576 4173 676 4236 imperii
695 4174 840 4225 oeoldentis
859 4175 888 4234 ll,
911 4178 969 4226 tot.
