2796 4958
802 657 877 722 las

342 829 447 899 eidem
470 823 608 916 pontifici
631 824 776 893 reddidit.
828 831 872 911 Ac
906 848 1020 898 revera
1049 830 1152 897 statim
1183 841 1257 918 post
1278 830 1347 918 ejus

343 948 477 1005 mortem
501 933 704 1019 alleginario
729 932 840 998 iterum
866 935 981 1015 invasa,
1005 949 1119 1023 postea
1144 940 1217 1004 item
1241 958 1260 1003 a
1284 936 1347 1003 filio

345 1045 414 1130 ejus
449 1038 628 1107 Giselberto
662 1038 776 1125 injuste
808 1049 932 1106 retenta
968 1053 1031 1121 est,
1074 1043 1179 1109 donec
1215 1043 1347 1109 Carolus

344 1148 482 1235 Simplex
506 1144 717 1211 cama.·919
742 1144 881 1230 legitimo
905 1148 1085 1213 restitueret
1111 1148 1293 1235 possessori
1315 1149 1347 1232 ¹).

344 1258 454 1343 ltaque
486 1250 550 1317 dux
580 1250 609 1315 in
636 1250 760 1316 exilium
790 1251 1016 1337 ejectuscum
1042 1252 1193 1320 Odoaoro
1217 1253 1348 1341 aliisque

347 1360 468 1429 nivibus
491 1356 676 1423 turbulentis
699 1354 833 1423 loedere
856 1358 949 1438 lacto,
972 1362 1003 1426 in
1026 1358 1099 1426 loco
1112 1359 1279 1432 tutissimo,
1301 1357 1348 1424 cui

346 1465 462 1534 Dursos
498 1464 675 1546 (beveren)
711 1483 828 1529 nornen
862 1475 937 1542 erat,
972 1465 1081 1530 Mosae
1115 1463 1286 1554 paludibus
1310 1462 1348 1530 ab

348 1570 434 1639 omni
456 1589 593 1637 accessu
617 1569 789 1656 prohibito,
820 1591 856 1636 se
884 1571 1094 1637 communivit.
1141 1571 1274 1638 Carolus
1298 1590 1349 1637 au·

348 1691 413 1745 tem
436 1675 593 1762 Simplex,
623 1687 698 1741 tuno
729 1675 841 1742 unicus
871 1677 1024 1743 Franciae
1055 1675 1263 1744 occidentalis
1287 1698 1349 1752 rer,

350 1804 445 1872 quem
475 1781 609 1846 comites
638 1779 677 1843 illi
706 1780 957 1861 advocaverunt,
991 1803 1066 1848 mox
1093 1782 1350 1859 zuenteboldum,

349 1890 463 1954 frustra
486 1895 624 1951 castrum
643 1885 715 1950 illud
731 1907 915 1975 expugnare
933 1903 1091 1967 conatum,
1115 1909 1154 1954 ex
1173 1908 1276 1976 regno
1300 1908 1351 1955 ce-

351 1994 430 2062 dere
452 1990 571 2076 coligit,
603 2001 699 2079 atque
729 1993 857 2080 impunc
878 1995 1107 2082 aquisgranum
1131 2005 1164 2059 et
1186 1994 1352 2060 Novioma-

350 2121 425 2188 gum
448 2117 640 2184 progressus
663 2109 721 2163 est.
748 2099 775 2182 ²}
818 2101 892 2165 Tam
917 2121 1028 2187 parum
1052 2100 1104 2167 hic
1125 2100 1277 2190 princeps
1300 2101 1352 2167 ali-

353 2202 481 2295 quando
506 2202 631 2268 Arnullo
655 2203 790 2289 supplex
813 2205 913 2271 lactus
937 2207 1163 2293 imperatorem
1180 2220 1354 2294 aegrotum.

352 2330 436 2378 nunc
455 2308 573 2374 metuit.
606 2308 840 2375 Zuentebaldus
861 2311 979 2376 interea
998 2313 1038 2378 ad
1057 2315 1254 2380 Francorum
1270 2314 1354 2400 cpis-

353 2411 694 2502 copumLeodlensem
719 2415 913 2500 confugiens,
936 2437 1049 2484 vassos
1072 2421 1141 2506 ejus
1166 2403 1357 2506 inexpediss

351 2522 471 2588 tionem
495 2516 624 2583 adduxit
648 2540 686 2585 ao
710 2520 922 2608 Florlcbingas
954 2525 1084 2590 veniens
1112 2525 1283 2613 (Florenge
1307 2547 1355 2613 ap.

354 2624 588 2707 Diedenlnolen)
621 2645 659 2690 ex
688 2625 738 2692 illo
769 2636 869 2692 tractu
898 2648 1012 2694 omnes
1042 2650 1197 2716 proceres
1221 2631 1356 2718 collegit.

353 2735 423 2800 lloc
453 2732 545 2818 igitur
581 2730 680 2796 modo
713 2730 830 2797 viribus
864 2735 1033 2820 resumptis
1070 2748 1180 2802 contra
1210 2737 1355 2804 Carolum

354 2840 519 2927 proiectus
548 2846 612 2915 est,
643 2838 695 2924 qui
725 2837 922 2925 Noviomago
951 2840 1107 2906 prumiam
1136 2841 1298 2928 ingressus
1328 2856 1358 2908 et

356 2948 426 3031 ipse
455 2953 566 3009 contra
594 2941 704 3008 hostes
735 2955 839 3010 castra
863 2945 968 3011 movit.
1015 2946 1080 3011 Sed
1105 2966 1178 3011 cum
1201 2950 1358 3014 exercitus

356 3048 415 3114 sibi
434 3047 502 3133 jum
519 3044 693 3112 admodum
715 3051 1035 3137 appropinquassent,
1056 3053 1166 3130 vassis,
1188 3054 1359 3142 exquibus

357 3166 491 3240 uterque
515 3171 572 3216 rex
595 3150 760 3238 pendebat
782 3154 812 3218 in
833 3175 960 3242 pugnae
984 3155 1153 3223 discrimen
1170 3158 1278 3225 venire
1304 3180 1360 3226 no·

355 3256 507 3335 lentibus,
538 3276 597 3342 per
617 3258 741 3345 legatos
769 3257 916 3325 induciae
946 3259 1051 3326 lactas
1080 3274 1152 3328 sunt
1174 3275 1206 3328 et
1228 3264 1359 3332 Carolus

356 3364 464 3446 „nullo
488 3373 621 3450 peracto
650 3365 801 3451 negotio''
824 3376 910 3430 trans
940 3366 1059 3431 Mosam
1088 3368 1117 3433 in
1148 3389 1240 3434 suum
1269 3369 1360 3436 rediit

316 3489 321 3498 ·
356 3491 490 3559 regnum
509 3467 545 3554 ⁸).
589 3470 678 3535 Anno
707 3470 772 3535 899
803 3469 1037 3537 Zuentebaldus
1066 3483 1162 3560 atque
1190 3475 1360 3560 optimates

357 3579 428 3667 cjus
460 3595 533 3640 cum
565 3575 699 3640 Hattone
731 3574 986 3669 archiepiscopo,
1011 3575 1160 3645 Conrado
1191 3599 1231 3645 ac
1255 3580 1360 3648 Geba-

354 3682 460 3752 lmrdo
489 3678 657 3745 comitibus
689 3699 727 3743 ex
751 3680 921 3747 Germania
944 3697 977 3747 et
1001 3702 1073 3748 cum
1096 3683 1280 3752 Haschirico
1311 3708 1359 3753 ar-

358 3787 567 3874 chiepiscopo
590 3783 756 3848 Parisiensi
786 3797 883 3874 atque
906 3786 1056 3855 Odacaro
1085 3788 1202 3855 comite
1226 3811 1266 3856 ex
1290 3792 1361 3858 Gal·

357 3895 399 3960 lia
428 3885 627 3961 uenientibus
656 3885 697 3952 ad
721 3887 766 3954 St.
790 3889 928 3958 Goarem
959 3892 1149 3984 colloquium
1177 3899 1291 3979 seruit,
1320 3898 1359 3965 da

358 4049 560 4069 .··—-·-···-····

432 4140 454 4199 l)
491 4139 612 4204 Bonanet
630 4140 672 4206 ll,
691 4145 752 4205 atr,
775 4146 826 4192 tto
845 4137 989 4206 (Boehmer
1009 4149 1085 4208 lata,
1110 4145 1202 4214 taut).

430 4220 455 4292 2)
495 4227 645 4290 lieg.‚898.
847 4227 872 4294 8)
909 4233 1068 4298 dnmvad,
1090 4239 1150 4287 898.
