2796 4958
466 1278 818 1390 Appendix
856 1276 931 1360 ΙΙΙ.

432 1659 499 1734 De
523 1660 688 1735 Sancto
713 1660 963 1759 Mengoldo.

196 1808 240 1921 Si
272 1855 486 1922 narrationem
523 1853 659 1943 aliquam
694 1855 844 1923 historiae
879 1856 1026 1944 speciem
1056 1874 1134 1944 prae
1163 1874 1201 1921 se

194 1961 365 2041 ferentem,
398 1959 576 2028 fabulosam
607 1983 681 2028 esse
705 1961 925 2029 demonstrare
949 1962 1108 2041 volumus,
1138 1982 1202 2028 non

195 2067 297 2134 solum
322 2067 514 2156 argumentis
538 2066 630 2148 nobis
654 2065 856 2155 probandum
874 2079 931 2148 est,
956 2089 1028 2135 eam
1045 2087 1117 2135 oum
1136 2069 1203 2135 lao-

193 2173 233 2238 tis
258 2175 353 2240 certis
376 2194 529 2262 pugnare,
553 2175 779 2240 verumetiam
802 2185 855 2241 aut
877 2194 917 2240 ex
932 2174 1097 2264 proposito
1122 2194 1203 2261 quo-

196 2277 269 2346 dam
294 2301 368 2348 csse
393 2278 571 2358 confictam,
595 2289 648 2345 aut
671 2279 793 2346 alama
812 2300 919 2346 rerum
942 2291 1103 2368 gestarum
1127 2300 1202 2367 pro-

195 2384 320 2452 lectam.
364 2389 466 2466 Quam
489 2386 644 2452 rationem
668 2386 698 2452 in
723 2387 768 2466 iis,
792 2405 875 2474 quae
900 2384 941 2453 de
964 2382 1013 2453 St
1031 2383 1201 2472 lllengoldo

195 2490 359 2557 traduntur
376 2490 556 2558 refellendis
573 2492 683 2570 secuti,
707 2503 874 2580 praeterea
892 2511 1021 2580 quoque
1039 2510 1202 2579 exponere

195 2596 397 2676 conabimur,
432 2617 496 2684 quo
527 2608 674 2685 tempore
703 2609 822 2688 martyr
850 2597 901 2665 ille
937 2600 1039 2685 primo
1075 2597 1201 2666 adorari

195 2714 331 2790 coeptus
354 2703 402 2780 sit,
427 2702 502 2768 dum
526 2703 677 2770 miracula
693 2703 762 2790 ejus
784 2703 874 2770 simul
891 2703 1001 2771 litteris
1016 2703 1200 2792 produntur.

194 2807 380 2895 Mangoldus
410 2807 503 2895 igitur
530 2807 571 2874 ab
602 2831 779 2898 anonymo,
811 2810 865 2898 qui
892 2809 986 2877 vitam
1011 2810 1080 2898 ejus
1101 2812 1203 2905 serip-

195 2915 235 2980 sit
264 2913 303 3002 ¹),
333 2911 413 2980 filius
438 2915 536 2993 luisse
560 2913 674 2984 dicitur
695 2916 836 3001 Hugonis
867 2915 953 3002 regis
975 2915 1145 3002 Auglorum
1170 2929 1202 2984 et

194 3021 314 3087 sororis
337 3018 453 3101 Arnulfi
476 3020 687 3109 imperatoris.
738 3023 851 3111 Neque
880 3021 960 3087 ullus
983 3020 1119 3109 scriptor
1140 3024 1203 3090 llu-

193 3125 424 3214 glosaxonicus‚
446 3126 498 3214 qui
523 3128 674 3215 temporis
697 3125 804 3214 hujus,
835 3148 898 3215 quo
927 3146 1062 3214 magnus
1084 3128 1204 3197 Aelfre·

194 3231 255 3296 dus
277 3229 671 3319 regnavit(871-901)‚
694 3253 747 3299 res
769 3232 913 3310 narravit,
937 3231 1078 3319 Hugouis
1100 3235 1202 3327 reguli

193 3337 385 3405 mentionem
407 3338 518 3420 injicit,
549 3358 654 3427 nequo
678 3333 759 3404 ullus
789 3337 926 3425 scriptor
947 3338 1118 3407 Francicus
1140 3361 1201 3410 nus

195 3441 237 3507 dc
260 3440 376 3507 Arnulfi
399 3463 512 3510 sorore
535 3443 584 3510 vel
608 3443 652 3510 de
674 3443 786 3531 legalis
816 3463 855 3509 ex
879 3442 1047 3511 Germania
1071 3447 1201 3532 saepius

194 3547 382 3635 inAngliam
407 3547 509 3614 missis
533 3540 686 3616 certiores
710 3549 790 3616 lacit.
828 3551 930 3638 Atque
955 3549 1049 3615 etiam
1072 3548 1135 3618 hoc
1159 3551 1200 3619 ab

192 3666 323 3721 auctore
346 3665 456 3722 nostro
481 3654 560 3725 lalso
581 3654 767 3734 affirmatur,
790 3654 966 3732 arnulfum,
990 3675 1086 3743 quem
1110 3669 1202 3743 quat·

192 3772 263 3826 tuor
284 3764 334 3826 vel
351 3760 490 3851 quinque
508 3761 658 3849 genuisse
681 3760 800 3827 liberos
825 3761 978 3838 novimus,
1001 3758 1082 3826 filios
1104 3759 1200 3828 filias-

192 3885 254 3954 que
279 3864 380 3932 nullos
402 3865 578 3954 reliquisse.
619 3866 750 3934 Gravius
775 3879 880 3936 autern
906 3866 976 3932 eam
1001 3864 1042 3931 ob
1068 3886 1199 3935 oausam

191 3969 393 4040 accusandus
418 3981 475 4050 est,
499 3970 586 4059 quod
608 3971 762 4041 Adhelem
785 3993 931 4040 sororem
953 3972 1111 4059 llengoldi
1139 3974 1200 4041 Os-

191 4103 391 4114 ιιι-.-

263 4174 288 4234 l)
328 4176 385 4226 vtta
403 4177 439 4226 Sl.
457 4175 587 4240 Mengoldi
611 4177 682 4239 typis
705 4177 837 4239 impressa
860 4181 903 4230 est
928 4191 971 4241 ap.
992 4179 1056 4230 Acta
1078 4177 1200 4234 Sanctor.

187 4261 235 4340 ed.
252 4261 367 4314 Bollandi
387 4264 423 4314 ed
442 4265 510 4316 diem
531 4263 586 4314 Vlll
605 4263 678 4315 Febr.
695 4277 787 4315 mena·
803 4279 828 4332 p.
850 4269 898 4317 tet
919 4279 977 4336 sqq.
