2782 4950
668 619 717 684 75

188 802 414 879 percurrentes
438 789 579 855 Bonnam
605 801 757 858 vendunt
779 806 811 860 et
834 791 1110 882 inde.·postquam
1134 814 1194 860 ex·

186 898 304 964 arcitus
337 895 526 962 christianus
561 895 601 961 ad
636 896 737 963 villam
770 896 1017 966 Laudullesdorl
1047 920 1120 966 cum
1156 900 1193 966 iis

186 1002 404 1090 congrediens
434 1000 549 1066 nullum
581 999 731 1067 damnum
762 1001 798 1067 iis
829 1002 944 1070 inferre
966 1005 1081 1092 potuit,
1114 1007 1194 1072 Pru-

186 1110 280 1174 miam
313 1106 540 1173 monasterium
564 1107 707 1194 ingressi,
737 1109 867 1186 „omnia
897 1108 1082 1199 depopulati
1112 1125 1193 1189 suut,

187 1228 216 1283 et
246 1213 410 1303 quosdam
439 1234 479 1279 ex
510 1213 674 1280 monachis
710 1211 933 1281 interficientes
963 1216 1193 1306 plurimamque

188 1321 336 1388 familiam
363 1318 566 1397 trucidantes,
590 1318 886 1406 reliquoseaptivos
910 1318 1094 1388 duxerunt''.
1126 1324 1194 1391 Nec

189 1425 364 1493 minoribus
395 1424 523 1512 praedis
555 1446 595 1491 ex
625 1423 756 1490 castello
788 1421 927 1510 quodam
954 1424 1133 1495 firmissimo
1163 1429 1194 1495 in

189 1533 360 1599 Arduenna
385 1530 462 1595 silva
485 1532 553 1609 sito,
578 1529 743 1595 multorum
768 1528 943 1595 mortalium
968 1532 1056 1611 actis,
1086 1532 1117 1599 in
1140 1543 1197 1599 ca·

191 1657 254 1705 stra
277 1638 444 1704 redieruut
467 1635 638 1702 aedeinde
661 1635 819 1702 auctumni
838 1646 984 1721 tempore
1002 1637 1044 1704 ob
1069 1637 1196 1720 lamam,

191 1767 253 1833 qua
276 1744 410 1810 Francia
433 1740 608 1820 laborabat,
633 1741 805 1808 Bononiam
828 1740 1015 1830 (Boulognc)
1040 1758 1196 1831 petentes,

191 1851 264 1917 inde
302 1870 376 1916 cum
413 1849 478 1913 250
517 1848 649 1914 navibus
685 1846 827 1913 Cautiam
861 1851 1029 1917 transvecti
1069 1863 1141 1917 sunt
1161 1854 1197 1938 ¹),

192 1960 305 2023 Bierno
342 1955 478 2022 tortasse
520 1953 576 2019 illis
612 1954 787 2038 imperante
810 1952 846 2037 ²).
903 1957 1102 2044 Quamquam
1139 1979 1198 2046 pcr
1243 1949 1246 1954 ’

192 2084 288 2130 omne
318 2082 459 2150 sequens
488 2069 614 2146 tempus
645 2058 760 2125 abhinc
790 2058 892 2126 nullae
922 2082 1028 2149 paene
1056 2072 1197 2131 comme·

193 2180 357 2235 morantur
387 2188 404 2232 a
434 2165 643 2253 scriptoribus
672 2167 923 2231 Normaunorum
956 2168 1135 2234 invasiones
1166 2170 1196 2235 in

194 2275 396 2342 Germaniam
429 2274 546 2349 iactae,
578 2292 634 2337 eas
664 2282 769 2337 tamen
800 2272 939 2337 nondum
970 2294 1102 2360 prorsus
1126 2296 1198 2342 ces-

194 2403 301 2460 sasse,
335 2379 459 2447 concilii
489 2377 696 2445 Trihuriensis
729 2398 756 2442 a.
787 2375 853 2443 895
888 2377 999 2444 habiri·
1019 2398 1121 2446 canon
1147 2381 1198 2449 34.

195 2500 343 2565 testatur,
380 2487 469 2573 eujus
499 2485 580 2551 haec
607 2495 680 2547 sunt
706 2482 820 2549 verba:
840 2489 870 2561 ⁸)
911 2484 1081 2573 „Undique
1113 2487 1198 2556 bella

197 2603 402 2680 consurgunt,
424 2591 533 2658 hostes
556 2589 715 2666 saeviunt,
747 2589 871 2655 inimica
894 2611 974 2677 gens
1001 2614 1199 2680 paganorum

197 2700 372 2788 insequitur
394 2697 546 2784 populum
574 2695 813 2762 christianorum
838 2730 881 2742 -
906 2699 1109 2784 Quapropter
1132 2701 1200 2766 zelo

198 2805 322 2872 divinae
346 2803 563 2871 aemulationis
588 2801 745 2868 christiani
770 2805 928 2868 exercitus
957 2803 1135 2889 procedunt
1159 2805 1201 2870 ad

199 2911 323 2978 bellum.
366 2911 412 2975 Fit
434 2919 612 2974 conventus
636 2908 876 2974 christianorum
900 2920 932 2974 et
943 2929 1140 2996 paganorum
1159 2946 1201 2981 -,

201 3037 300 3104 saepe
325 3017 381 3081 luit
402 3015 532 3081 victoria
556 3014 806 3087 christianorum.
829 3015 910 3081 victa
933 3028 982 3081 est
1004 3035 1079 3102 pars
1103 3037 1202 3104 paga·

201 3159 401 3172 -u——u

271 3251 298 3312 1)
335 3247 402 3299 dnn.
421 3249 486 3300 Ved.
511 3253 577 3314 892,
604 3249 763 3302 Ethelwerdi
782 3248 872 3300 chron.
892 3249 907 3299 l.
927 3248 941 3297 l.
966 3259 995 3310 p:
1015 3250 1080 3307 518,
1110 3247 1207 3297 Chron

203 3339 409 3404 anglo-Saron.
428 3349 451 3386 a.
469 3340 520 3387 tot
540 3350 566 3399 p.
588 3341 646 3388 36³.
676 3352 679 3357 ⁴

271 3425 298 3486 2)
336 3425 419 3474 Guido
438 3424 472 3474 dc
489 3424 624 3475 bazochiis
644 3421 678 3488 (†
699 3421 784 3488 itta)
811 3437 852 3486 ap.
870 3422 979 3472 alberio.
997 3420 1091 3470 chron.
1110 3434 1132 3470 a.
1154 3423 1205 3473 895

205 3511 324 3572 (Leibnitz
344 3512 515 3562 accessiones
535 3512 624 3562 histor.
643 3513 672 3572 ll,
693 3506 765 3578 228),
787 3511 892 3560 villelmi
911 3509 1117 3560 Gemmeticens.
1142 3509 1207 3561 Hist

207 3601 344 3651 burmann.
360 3597 381 3662 l,
406 3604 435 3650 11
457 3597 641 3662 (Duchesnius
659 3600 722 3649 llist.
741 3600 913 3649 Normaunor.
931 3599 976 3648 SS.
990 3613 1016 3661 p.
1029 3591 1091 3659 tat)
1112 3598 1207 3664 „Bieru

208 3691 282 3738 totius
302 3689 396 3738 excidii
414 3687 528 3752 signifer,
549 3690 765 3752 exercituumque
783 3689 858 3737 ren''.

275 3777 301 3838 ³)
338 3777 421 3827 blansi
439 3775 516 3826 itttttt
537 3790 562 3838 p.
583 3779 632 3826 119
653 3776 699 3828 eir.
716 3776 837 3840 Diploma
858 3775 986 3839 Egilmaro
1006 3775 1134 3838 episeopo
1153 3771 1209 3827 Os·

210 3864 381 3928 nabruggeusi
401 3865 492 3915 datum
510 3865 624 3926 (Erhard
634 3864 694 3930 lieg.
706 3866 772 3916 Hist.
782 3862 876 3914 Westl.
887 3863 906 3924 1,
919 3865 961 3923 32,
979 3863 1116 3925 Boebmeq
1132 3863 1213 3925 tout)

211 3964 258 4014 quo
276 3954 339 4003 huic
357 3952 391 4002 ab
410 3955 481 4003 omni
498 3954 586 4004 militia
607 3965 704 4004 vacare
723 3951 928 4013 concedebatur,
948 3951 1098 4013 „nisiDaui
1110 3951 1143 4001 ad
1163 3953 1211 4001 dc-

212 4038 309 4091 landam
329 4041 546 4093 christianitatem
572 4041 612 4090 sui
632 4043 760 4104 episcopii
779 4053 864 4091 naves
890 4039 1093 4090 ascenderent’'.
1131 4039 1212 4088 Etiam

212 4127 289 4178 Adam
306 4130 458 4182 bremensis
483 4129 522 4192 (L.
539 4127 558 4178 l.
577 4142 599 4178 e.
619 4123 663 4194 tt)
689 4131 868 4180 incursionum
888 4129 1122 4196 Normannicarum
1143 4139 1215 4174 saec.

214 4212 240 4266 ll.
258 4219 365 4288 ineunte
383 4219 410 4269 in
429 4219 571 4269 saxoniam
590 4216 719 4268 laetarum
738 4218 898 4268 mentionem
917 4217 1003 4278 injicit.
1026 4239 1057 4250 -
