2796 4958
677 687 752 751 1⁷8

212 865 321 952 plures
350 865 521 931 etiamtunc
551 881 651 928 anuos
674 861 791 927 vixisse
812 863 858 942 ¹),
890 878 943 924 res
973 864 1082 946 gestas
1113 869 1218 927 tamen

212 971 299 1037 brevi
331 982 405 1058 post
436 968 562 1036 evoluto
592 980 739 1055 tempore
770 985 939 1034 enarrasse
962 963 1099 1044 videtur,
1134 966 1219 1034 unde

211 1096 343 1163 perraro
384 1077 415 1140 in
457 1072 619 1140 erroribus
652 1073 886 1160 chronologicis
922 1082 1075 1138 versatur.
1130 1074 1218 1140 Anno

210 1181 339 1270 quidem
370 1179 453 1258 884,
487 1201 571 1268 quae
603 1181 695 1246 trium
724 1201 879 1246 annorum
909 1179 1012 1264 spatio
1044 1178 1073 1243 in
1102 1177 1218 1247 finibus

208 1286 414 1354 orientalibus
455 1285 641 1365 acciderunt
675 1286 912 1372 complectitur,
953 1284 1013 1349 sed
1052 1283 1149 1352 modo
1185 1297 1218 1352 ut

208 1395 358 1459 continno
395 1391 553 1459 narrando
597 1390 668 1458 belli
705 1412 821 1458 causas
855 1402 887 1457 et
923 1400 1070 1456 eventurn
1105 1391 1217 1458 melius

207 1499 355 1565 omnibus
379 1500 508 1586 aperiat.
561 1498 748 1564 Contionem
773 1497 882 1584 populi
905 1517 932 1561 a.
957 1493 1023 1561 890
1048 1497 1216 1564 Forcbbei-

207 1605 257 1670 mii
281 1605 421 1671 habitam
446 1626 518 1672 oum
543 1625 597 1682 aa,
630 1622 714 1691 quae
739 1603 857 1669 ibidem
882 1623 966 1668 anno
997 1601 1216 1688 praecedente

205 1723 383 1779 convocata
407 1723 456 1778 est
486 1709 663 1788 conlundit,
695 1711 864 1776 Muratorio
887 1708 915 1791 ²)
946 1707 978 1774 id
1005 1707 1072 1794 jam
1103 1708 1216 1777 obser-

205 1827 315 1895 vante,
332 1835 404 1882 cum
429 1819 457 1884 in
482 1816 532 1884 illa
551 1815 798 1901 Ermengardem
819 1815 860 1882 ad
884 1835 995 1902 regem
1015 1814 1141 1882 venisse
1164 1839 1216 1886 re-

205 1923 299 2002 lerat,
323 1924 410 2010 quod
434 1944 473 1990 ex
497 1921 606 1989 charta
630 1922 768 2011 quadam
793 1923 822 1987 in
847 1920 907 1986 hac
931 1921 1089 1987 accidisse
1119 1936 1214 2008 patet.

203 2030 303 2117 Magis
337 2041 386 2096 est
409 2027 600 2106 mirandum,
630 2027 717 2117 quod
748 2028 885 2114 scriptor
908 2025 1071 2092 Fuldensis
1088 2048 1122 2093 a.
1147 2027 1213 2095 896

202 2135 331 2223 longam
360 2132 404 2202 ¹dc
427 2135 561 2224 Ungaris
585 2145 617 2200 et
640 2133 781 2218 Bulgaris
805 2134 884 2198 inter
909 2152 945 2196 se
971 2130 1213 2217 digladiantibus

202 2241 325 2330 profert
357 2243 583 2318 narrationem,
619 2261 724 2306 rerum
759 2261 784 2305 a.
817 2235 1019 2305 aea—895
1051 2251 1213 2326 gestarum

203 2360 268 2414 tam
293 2341 437 2423 similem,
461 2359 495 2413 ut
518 2348 638 2414 adeas
663 2343 817 2413 reseratur
833 2365 971 2412 necasse
995 2345 1042 2425 sit,
1066 2367 1213 2432 praeser-

201 2455 256 2520 tim
281 2474 354 2520 cum
378 2454 421 2519 dc
444 2454 512 2520 aliis
536 2452 761 2519 certaminibus
785 2452 847 2518 boc
866 2464 1013 2539 tempore
1032 2453 1110 2530 actis
1130 2454 1212 2522 nulla

200 2559 256 2627 fiat
279 2561 406 2627 mentio.
442 2560 602 2638 Quocirca
617 2558 799 2627 ‘admodum
825 2569 874 2624 ast
895 2559 1077 2636 verisimile,
1103 2573 1211 2629 aucto-

200 2687 286 2746 rem,
318 2667 372 2754 qui
402 2686 485 2732 anno
508 2662 735 2752 'praecedento
765 2667 881 2732 lamam
911 2676 1041 2731 secutus
1071 2665 1212 2734 breviter

149 2779 157 2849 j
200 2765 321 2839 bellum
344 2770 417 2838 illud
442 2773 603 2858 attigerat,
635 2772 795 2858 praesenti
825 2770 990 2837 meliorem
1015 2770 1083 2856 ejus
1107 2775 1212 2838 scien-

199 2879 274 2944 tiam
306 2888 433 2944 nactum
464 2889 561 2966 atque
588 2874 620 2941 id
651 2876 692 2943 ab
724 2877 774 2943 illo
808 2876 967 2943 diversum
1000 2895 1075 2941 esse
1098 2887 1209 2957 ratum,

197 2986 405 3070 iterum‘ejus
428 2984 621 3050 mentionem
652 2983 801 3049 intulisse.
859 2986 991 3049 Fontem
1022 3001 1113 3061 vero,
1145 3007 1209 3073 quo

195 3112 227 3158 a.
250 3089 318 3157 896
341 3111 418 3156 usus
443 3099 508 3166 est,
543 3088 699 3156 Graecum
729 3090 842 3170 luisse,
873 3110 913 3156 ax
943 3109 983 3155 co
1014 3089 1209 3159 concludere

197 3197 301 3275 velim,
326 3193 413 3284 quod
428 3196 480 3261 ille
497 3194 668 3281 „Balgaros
690 3195 902 3284 penitenciam
926 3194 968 3260 dc
992 3194 1087 3260 inlata
1110 3196 1208 3263 cbris-

195 3304 288 3371 tianis
319 3302 451 3391 injuria'’
482 3302 603 3389 egisse,
634 3303 698 3369 Leo
730 3312 834 3366 autem
867 3301 1039 3387 imperator
1059 3306 1090 3378 ⁸)
1117 3302 1207 3367 simili

197 3412 329 3489 ratione,
348 3409 492 3475 Graecos
517 3429 589 3475 cum
608 3407 749 3495 bulgaris
774 3404 919 3492 ejusdem
943 3402 1020 3470 fidei
1042 3406 1208 3475 conlesso-

194 3516 284 3584 ribus
315 3512 489 3600 confligere
520 3514 665 3580 nolentes
695 3514 838 3599 Ungaros
868 3531 1013 3598 paganos
1042 3513 1079 3577 iis
1107 3513 1207 3580 immi·

193 3623 292 3699 sisse,
317 3619 418 3700 dicat,
442 3639 503 3685 neo
527 3619 614 3699 lore,
645 3629 678 3685 ut
700 3639 719 3683 a
741 3617 874 3683 veritate
898 3616 1028 3682 multum
1050 3617 1206 3695 aberrem.

267 3842 293 3906 1)
329 3857 353 3896 a.
373 3849 431 3895 900.
458 3845 492 3894 de
510 3845 594 3906 prima
612 3843 777 3908 Ungarorum
802 3843 968 3906 expeditione
987 3842 1113 3891 Bavarica
1131 3843 1205 3914 dicit:

193 3931 296 3996 „Quod
315 3944 366 3995 pro
384 3932 471 3983 dolort
490 3933 605 3994 primum
623 3933 728 3994 malum,
747 3935 774 3983 et
790 3933 892 3983 cunetis
906 3934 977 3982 retro
992 3932 1131 3982 transactis
1147 3933 1204 3986 die·

191 4020 244 4072 hus
263 4021 379 4070 invisum
399 4022 544 4083 dampnum
562 4019 689 4081 Baioarici
707 4023 780 4084 regni
799 4021 933 4070 contulit.”

264 4108 290 4170 2)
326 4109 418 4159 Annali
437 4105 515 4158 d'ltal.
534 4106 563 4168 V,
586 4109 645 4157 tat.

265 4196 291 4258 3)
327 4197 433 4261 fl'actica
455 4210 478 4246 c.
493 4199 534 4257 tt,
554 4194 576 4258 s.
592 4198 632 4245 ts.
652 4194 702 4254 (ed.
715 4195 845 4247 Meursius
864 4209 889 4259 p.
909 4194 971 4256 287)
991 4193 1052 4259 „tva
1070 4189 1107 4262 pr}
1122 4192 1205 4249 ’ἔκον-

189 4279 373 4353 roer‘aupotor
387 4297 537 4355 χρισηανοι
545 4279 706 4354 χριστιανῶν
715 4280 821 4354 Boriyu'
823 4299 880 4356 ρων
890 4282 984 4350 clpam
989 4285 1162 4355 ppuiromol'
1172 4309 1200 4320 —

960 4367 1002 4434 12
