2796 4958
527 635 602 702 loo

58 816 213 874 terrorem
236 805 318 874 ltalis
348 815 412 873 tum
441 810 588 888 incussit,
617 808 676 875 sed
708 810 804 875 etiarn
825 809 984 887 Amulium
1015 805 1068 874 ais¹

56 934 258 1001 magnopere
280 911 413 980 invisum
436 914 525 994 fecit,
555 917 596 982 ita
619 928 653 981 ut
675 916 786 1002 vulgus
812 937 884 982 eum
908 935 967 1002 pro
992 934 1064 980 cru·

58 1017 239 1085 dclitatibus
262 1019 304 1086 ibi
329 1022 468 1107 peractis
492 1033 608 1108 postea
629 1022 785 1108 pediculis
815 1042 981 1088 corrosum
1006 1020 1062 1084 mi-

53 1144 161 1190 seram
185 1125 306 1192 obiissa
331 1140 465 1194 mortem
490 1127 640 1194 crederet
661 1133 696 1206 ¹).
744 1129 846 1194 Primo
877 1138 958 1214 post*
979 1126 1068 1192 banc

54 1233 325 1318 expugnationem
349 1234 557 1301 Mediolanum
583 1247 615 1300 et
636 1236 789 1314 Ticinum¹
826 1233 981 1311 maximae
1004 1236 1062 1299 lta·

53 1337 116 1403 liae
140 1339 315 1425 superioris
339 1341 436 1408 urbes
457 1344 542 1430 regis
561 1342 731 1409 dominatui
746 1363 782 1408 se
794 1340 1000 1428 subjecerunt
1017 1338 1059 1425 ²);

54 1444 269 1531 Maginlredus
291 1448 374 1511 euim
399 1468 509 1515 comes
533 1448 614 1514 sacri
632 1447 744 1534 palatii,
770 1448 807 1512 illi
831 1447 943 1512 civitati
968 1465 1061 1532 prac-

54 1552 195 1635 pusitus,
225 1553 368 1639 quamvis
392 1554 432 1619 ad
458 1555 603 1619 Trebiam
628 1574 700 1619 cum
724 1553 859 1620 Widone
883 1551 1012 1616 lecisset
1033 1552 1060 1637 ⁸)

55 1655 230 1744 abeoquo
257 1670 391 1735 „noster
421 1660 623 1727 fidelissimus
647 1681 757 1726 comes
782 1672 813 1724 et
843 1656 1060 1724 consiliarius”

58 1773 225 1829 vocaretur
245 1762 279 1850 ⁴),
303 1785 385 1831 nunc
401 1780 523 1854 partem
538 1769 605 1856 ejus
620 1769 775 1833 deserens
788 1776 820 1830 at
835 1763 1061 1852 derelinquens

55 1866 86 1931 in
111 1867 225 1935 Arnulli
257 1891 293 1937 se
325 1874 455 1939 contulit
484 1873 597 1952 fidem,
628 1874 679 1962 qui
705 1872 867 1959 pristinam
892 1871 921 1936 ei
945 1870 1061 1938 confir-

55 1974 151 2038 mavit
175 1974 366 2062 dignitatem.
414 1980 504 2058 Quae
521 1979 739 2067 liudprandus
764 1977 825 2044 boc
849 1977 922 2043 loco
946 1987 1061 2055 narrat,

54 2079 266 2151 Mediolanum
291 2082 397 2151 Ottoni
414 2087 573 2153 Saxonum
599 2086 703 2152 couriti
729 2085 759 2148 in
783 2082 960 2150 custodiam
986 2103 1060 2148 esse

55 2188 260 2254 commissam
286 2190 327 2274 ⁸),
359 2211 431 2258 cum
462 2192 618 2260 annalium
648 2189 849 2255 Fuldeusium
878 2188 1058 2253 testimonio

53 2304 206 2380 pugnant,
229 2294 419 2365 Alamannos
443 2312 560 2366 tantum
586 2298 615 2361 in
629 2307 752 2383 partem
777 2292 986 2382 expeditionis
1001 2296 1059 2359 lta-

53 2395 136 2463 licae
167 2413 299 2468 vocatos
330 2425 414 2471 esse.
460 2405 506 2472 td
537 2425 662 2490 regem,
694 2404 745 2490 qui
777 2399 896 2466 deindo
918 2401 1058 2465 Ticinum

55 2503 115 2568 itar
137 2506 229 2574 vertit
253 2512 291 2588 ⁶),
322 2513 522 2579 marchiones
544 2509 777 2576 Hildebrandus
804 2511 829 2594 7)
858 2527 897 2572 ac
922 2507 1059 2573 Gerbar·

55 2607 126 2687 dus,
150 2610 284 2700 quorum
308 2639 432 2685 marcas
452 2619 545 2705 plane
559 2619 749 2705 ignoramus,
774 2613 951 2680 Bonilacius
975 2613 1060 2700 ejus-

55 2736 120 2803 que
144 2716 240 2786 irater
260 2722 450 2791 adalbertus
474 2724 537 2790 dux
559 2724 693 2790 Tusciae
717 2732 878 2796 venerunt,
902 2717 961 2783 sad
985 2739 1058 2784 cum

53 2821 148 2888 nimis
177 2842 362 2914 arroganter
393 2832 553 2896 immensis
583 2827 746 2896 beneficiis
778 2824 890 2893 donari
920 2825 1060 2909 postula-

55 2941 125 2993 rent
155 2930 185 2995 in
216 2935 392 3001 custodiam
424 2936 487 3003 dati
517 2947 598 3003 sunt.
643 2933 765 3012 Quibus
794 2931 898 3019 paullo
924 2940 997 3017 post
1024 2930 1056 2994 li·

54 3036 169 3102 bertati
195 3038 343 3122 redditis,
374 3043 517 3109 Arnullus
541 3043 647 3107 Ticino
672 3041 861 3107 Placentiam
885 3036 1059 3124 proiectus,

130 3264 156 3327 t)
195 3266 300 3328 liudpr.
319 3263 339 3328 l,
361 3271 401 3329 ta,
423 3271 463 3317 86.
762 3298 764 3303 .

129 3353 155 3414 2)
192 3356 298 3417 Liudpr.
317 3355 335 3414 l,
356 3358 396 3403 at.
543 3352 569 3417 3)
606 3355 700 3417 Paneg.
721 3355 829 3414 Bereng.
851 3348 881 3411 ll,
903 3353 934 3398 ta
956 3363 1014 3414 sqq.

131 3436 156 3504 tl
186 3438 320 3493 'Moriundi
336 3442 404 3494 blau
415 3446 546 3506 aquensia
557 3443 601 3504 l‚2
623 3443 768 3505 „quoniam
787 3437 946 3497 mantredus,
966 3439 1059 3486 noster

55 3530 225 3582 fidelissimus
243 3543 335 3583 comes
355 3534 381 3579 et
401 3533 562 3581 consiliarius
583 3534 700 3580 nostram
712 3529 861 3589 imploravit
874 3525 1059 3575 clamentiam'‘

55 3619 202 3679 (boehmer,
225 3620 317 3681 tm„
335 3619 487 3669 Tiraboscbi
505 3619 618 3668 Modena
637 3607 656 3679 L
677 3621 709 3666 tc
738 3617 852 3678 „adiens
870 3627 920 3676 per
937 3613 1059 3662 Maiulre-

57 3706 121 3756 dum
139 3708 263 3756 comitem
283 3708 351 3757 sacri
370 3703 457 3769 palatii
470 3709 638 3757 serenitatem
652 3707 771 3756 culminis
791 3704 893 3754 nostri''
912 3696 1061 3766 (summer,

58 3796 150 3858 ¹²⁷0}
179 3796 268 3845 Giuliui
287 3797 413 3845 memorie
436 3796 461 3845 di
480 3796 573 3846 blllauo
592 3809 617 3858 p.
639 3798 687 3844 469
709 3797 747 3857 (a.
769 3790 835 3853 ast)
860 3790 1062 3855 „Magniiredus

56 3897 148 3934 comes
167 3885 255 3947 palatii
273 3885 299 3932 et
317 3896 410 3934 acures
427 3885 511 3946 ipsius
534 3885 649 3933 comitati
668 3881 898 3932 Mediolanensis”
916 3879 951 3929 ib.
970 3892 995 3941 p.
1010 3879 1061 3927 tta

57 3971 267 4035 „idaginlrcdus
287 3972 330 4034 qui
350 3970 395 4021 luit
415 3985 508 4022 comes
526 3974 612 4034 palatii
632 3971 728 4020 Amulli
748 3970 846 4034 regis'.
867 3991 901 4004 -·

128 4060 154 4119 t)
190 4060 285 4119 Anti,
306 4063 347 4109 at.
500 4059 525 4119 6)
563 4060 797 4109 tinnFuldttii.

130 4148 154 4208 'il
191 4150 210 4197 Α
230 4148 398 4211 Liudprando
417 4144 485 4200 (Ant.
503 4144 521 4205 l,
538 4150 580 4208 39)
601 4149 750 4197 nominatur
769 4142 965 4209 „lideprandus
984 4153 1061 4203 prae·

56 4236 153 4296 potans
173 4238 292 4285 comes''.
517 4232 519 4238 ’
