2796 4958
781 635 858 698 los

315 809 576 901 gratiamssiniisse
597 806 721 873 videtur
740 806 776 892 ¹).
822 806 916 893 Cujus
940 802 1036 870 filium
1060 805 1259 884 llatholdirm,
1283 824 1324 871 ex

316 918 439 986 Gattina
461 914 628 991 sublatum,
653 912 707 1001 qui
723 923 838 1000 postea
859 910 1035 979 carinthiae
1059 912 1238 999 praefuisse
1260 913 1324 977 ler-

314 1037 365 1090 tur
388 1023 423 1109 ²),
446 1019 617 1088 Leibnitius
641 1019 668 1105 ⁸)
699 1039 870 1106 perperam
896 1017 1034 1084 eundem
1066 1039 1141 1084 esse
1174 1019 1323 1105 opinatus

315 1140 364 1196 est
392 1148 432 1195 ac
462 1125 615 1193 Ratollum
643 1124 772 1191 nothum
794 1123 909 1191 Amulli
933 1123 1038 1191 filium.
1090 1126 1221 1190 Praeter
1253 1124 1322 1189 illos

314 1235 475 1301 mentione
498 1231 650 1318 lsingrirni
675 1231 800 1296 comitis
829 1231 890 1298 alio
921 1232 994 1313 loeo
1019 1231 1109 1308 illata,
1130 1233 1249 1318 lringus
1271 1229 1323 1295 hic

313 1339 492 1407 laudandus
521 1349 585 1415 est,
623 1336 713 1423 cujus
742 1338 916 1403 interventu
946 1339 1113 1404 nonnullae
1143 1355 1323 1402 concessae

314 1457 386 1513 sunt
414 1443 540 1512 tabulae
558 1443 586 1529 ⁴)
616 1462 751 1521 „comes
781 1443 973 1511 honorabilis
1004 1455 1036 1510 et
1068 1443 1202 1509 dilectos
1233 1440 1331 1505 mini>

314 1552 481 1631 sterialis”,
504 1572 522 1616 a
547 1571 611 1638 quo
634 1550 692 1615 nisi
716 1569 769 1615 me
786 1549 860 1616 fallit
874 1571 974 1637 pagus
987 1550 1237 1637 Salzburggowe
1259 1546 1323 1614 ad·

313 1658 503 1725 ministratus
527 1667 577 1722 est
595 1657 631 1741 ⁸).
667 1655 854 1722 lleimonem
879 1656 1018 1745 denique
1037 1655 1270 1722 ministerialem
1291 1657 1321 1731 ⁸)

312 1776 345 1833 et
373 1765 476 1851 ipsum
505 1782 563 1827 rex
591 1760 699 1828 lavore
729 1761 894 1848 amplexus
924 1774 991 1841 est,
1027 1782 1100 1829 cum
1132 1760 1220 1828 uxori
1251 1761 1321 1848 ejus

313 1867 478 1935 llliltrudae
511 1867 591 1933 duas
620 1867 742 1933 laceret
770 1868 958 1934 donationes
989 1869 1112 1957 ipsique
1143 1867 1173 1931 in
1211 1885 1320 1932 marca

313 1973 455 2041 orientali
478 1973 632 2060 oppidum
656 1986 820 2040 exstruere
843 1975 1039 2061 permitteret
1058 1975 1101 2064 7);
1131 1971 1327 2060 10151001017

313 2091 419 2147 autem
444 2079 494 2146 ille
518 2079 691 2165 pincernae
715 2100 846 2146 munere
868 2084 903 2167 ⁸).
924 2117 966 2128 —

401 2183 515 2252 Arnulfi
540 2183 737 2272 gubernatio,
760 2186 788 2251 si
811 2209 875 2253 uno
899 2188 929 2252 in
953 2197 1130 2272 conspectu
1152 2195 1251 2251 totam
1275 2184 1321 2250 vi·

312 2292 442 2367 demus,
473 2313 536 2358 non
570 2303 632 2356 tam
656 2291 693 2357 iis
715 2289 813 2358 rebus
836 2293 942 2380 magni
966 2303 1015 2358 est
1039 2293 1207 2367 momenti,
1238 2311 1319 2378 quas

312 2398 443 2486 egregie
467 2397 548 2473 lecit,
571 2417 665 2484 quam
690 2397 735 2475 iis,
759 2419 839 2486 quas
863 2399 914 2466 vel
939 2419 978 2466 ex
1002 2397 1154 2463 industria
1177 2395 1246 2462 lieri
1278 2397 1319 2470 si-

308 2505 351 2569 vit
374 2502 423 2569 vel
454 2502 609 2590 impedire
639 2524 701 2568 non
732 2505 846 2590 potuit,
875 2527 940 2572 non
969 2515 1033 2570 tam
1065 2504 1317 2570 Normannorurn

256 2673 258 2678 .
310 2608 403 2675 clade
426 2619 479 2674 aut
502 2609 607 2675 ltaliae
631 2610 882 2697 expugnatione,
912 2632 1008 2700 quam
1035 2610 1232 2696 Ungarorum
1261 2608 1318 2675 ad·

310 2726 407 2782 ventu
437 2726 533 2803 atquo
557 2715 681 2782 Odonis
711 2716 869 2783 electione
897 2739 961 2784 non
989 2714 1148 2803 prohibita
1202 2717 1318 2781 Rerum

310 2823 393 2889 enim
425 2823 576 2889 Franciae
606 2822 766 2888 orientalis
797 2833 914 2901 slatus,
941 2841 980 2888 ex
1012 2822 1102 2888 bellis
1133 2821 1318 2888 domesticis

309 2927 445 2995 liliorum
461 2927 612 2996 ludovici
629 2929 673 2994 Pii
696 2930 798 3017 magis
821 2931 987 3018 magisque
1005 2928 1213 2994 labefactatus
1228 2929 1318 2994 brevi

309 3033 481 3101 duodecim
512 3055 666 3100 annorum
698 3048 858 3120 tempore,
890 3057 954 3124 quo
985 3035 1035 3101 ille
1064 3036 1223 3120 regnavit,
1253 3057 1316 3102 non

308 3138 401 3206 valde
426 3149 561 3205 mutatus
586 3150 635 3206 est
659 3160 698 3206 ac
723 3161 794 3207 mea
819 3140 955 3228 quidem·
971 3143 1126 3207 sententia
1151 3141 1181 3206 in
1206 3162 1317 3208 errore

307 3246 472 3324 ducuntur,
494 3246 545 3333 qui
571 3246 614 3312 ob
636 3247 834 3326 seditionem,
859 3269 921 3336 qua
946 3266 1079 3334 regnum
1097 3247 1235 3335 adeptus
1259 3259 1316 3325 est,

310 3379 509 3390 ——-—-

379 3437 404 3508 1)
439 3442 570 3494 Boehmer
589 3447 664 3506 noar,
687 3448 765 3506 1111,
786 3449 863 3507 rrae,
884 3449 962 3498 rrae.

378 3532 406 3590 2)
442 3531 571 3594 anonym.
591 3532 746 3598 Ehersperg.
766 3547 791 3596 p.
814 3538 837 3584 5.
912 3534 937 3594 0)
959 3531 1050 3584 Annal.
1069 3535 1134 3597 lmp.
1154 3524 1275 3598 11‚taa.'

380 3614 405 3682 t)
443 3619 531 3668 Minaei
550 3631 610 3682 opp.
629 3621 734 3684 diplom.
754 3619 778 3680 l,
807 3625 865 3671 680.
902 3618 971 3673 Mon.
997 3624 1067 3673 Boic.
1085 3621 1176 3688 XXXI,
1204 3627 1227 3684 t,
1255 3627 1315 3680 105,

293 3706 447 3770 ·Neugartl,
464 3707 524 3768 175,
537 3704 606 3758 Mon.
616 3710 800 3771 Botullxlllll,
819 3712 878 3770 tlt,
893 3707 1212 3773 (annumerarentur,
1228 3713 1327 3768 1101),ι

378 3794 403 3853 s)
439 3794 504 3855 Dipl.
524 3808 566 3858 ap.
585 3797 672 3849 Hund.
690 3801 802 3861 metrop.
821 3797 962 3862 salisburg.
981 3796 1014 3860 ll,
1035 3803 1094 3860 1⁰⁵,
1122 3801 1169 3861 „in
1189 3799 1315 3849 comitatu

304 3882 380 3945 Jungi
399 3880 462 3946 (leg.
483 3882 582 3947 Iringi),
601 3887 627 3934 in
649 3887 708 3936 loco
723 3914 754 3926 -
771 3884 935 3936 Talhusen“.
965 3887 1094 3938 Talahusa
1114 3890 1203 3938 autem
1222 3886 1315 3951 (Thal-

305 3967 423 4030 hausen)
454 3970 479 4018 in
508 3984 578 4036 pago
603 3974 807 4039 Salzhurggowe
837 3974 964 4024 siluerat
987 3974 1034 4025 cir.
1060 3976 1183 4026 Buchner
1205 3975 1316 4025 Donum.

303 4051 342 4120 ll,
363 4061 404 4106 56.
513 4058 538 4117 0)
575 4060 706 4110 Boehmer
727 4064 803 4126 tote,
826 4065 902 4111 1050.
1013 4061 1038 4127 ll
1074 4064 1186 4113 luvavia
1206 4065 1303 4124 prta.

305 4227 312 4276 1
379 4137 405 4206 8)
441 4142 503 4252 ibid.
527 4159 553 4209 p.
574 4149 622 4197 1⁰8
648 4148 789 4208 (Boehmer
812 4149 889 4210 toto)
917 4150 1074 4213 „Haimonis
1099 4151 1184 4202 dilecti
1208 4151 1314 4213 poticu-

314 4229 357 4277 arii
377 4231 460 4279 nostri
480 4228 496 4281 ‘.
516 4259 548 4269 -
