2796 4958
336 791 489 870 Amulius,
512 809 596 878 pace
620 808 693 854 cum
717 786 833 853 Odone
857 784 950 862 lacte,
973 786 1121 854 celeriter
1144 791 1173 855 io
1194 788 1355 857 dlsatiatu

336 899 499 987 profectus
519 897 560 981 ι),
589 895 671 961 hano
699 893 863 978 regionem
898 903 930 959 et
959 894 1028 959 sine
1061 894 1160 964 dubio
1182 894 1356 962 1011111111-

236 1018 238 1023 ’
336 1007 421 1093 giam
445 1022 575 1091 quoque
598 1005 627 1066 in
651 1019 742 1066 suam
766 997 893 1085 redegit
916 997 1067 1066 ditionem
1091 1012 1123 1067 et
1143 1001 1234 1090 plura
1262 999 1354 1068 bona

338 1124 371 1179 et
394 1109 539 1176 abbatias
562 1107 605 1172 St.
629 1105 702 1192 Apri
726 1113 758 1170 et
781 1103 825 1169 St.
851 1103 999 1170 Germani
1023 1107 1161 1174 Arnoldo
1186 1106 1352 1194 episcopo

338 1217 452 1291 ablata,
475 1216 527 1304 qui
558 1212 754 1292 „temerario
777 1211 878 1276 ausu'’
908 1210 1059 1288 „alterins
1083 1234 1119 1279 se
1144 1213 1275 1280 miscuit
1298 1233 1352 1279 so-

338 1324 485 1400 cietate’',
509 1319 589 1386 fison
614 1317 805 1405 adjudicavit
824 1319 860 1400 ²).
884 1351 927 1364 —
955 1317 1107 1386 Rudollus
1130 1332 1248 1395 antem,
1274 1339 1349 1386 cunr

338 1451 394 1497 rex
416 1428 567 1494 Franciae
598 1427 667 1512 ipse
692 1426 723 1489 in
747 1423 909 1490 Bavariam
933 1425 1137 1511 regrediens,
1166 1424 1350 1492 Alamanni·

338 1544 547 1602 cumcontra
575 1553 649 1598 eum
678 1530 818 1596 misisset
839 1530 1029 1607 exercitum,
1060 1551 1132 1597 oum
1155 1533 1350 1598 Alamanno-

338 1664 408 1708 rum
432 1637 627 1727 principibus
655 1637 697 1701 de
720 1637 811 1722 pacis
835 1635 1077 1703 condicionibus
1106 1647 1261 1712 tractans,
1294 1656 1350 1702 eo·

336 1769 408 1814 rum
432 1743 591 1820 consultu,
620 1763 733 1808 mense
765 1762 792 1808 c.
820 1741 890 1809 Oct.
913 1742 963 1808 vel
985 1742 1157 1809 Novembri
1186 1741 1349 1808 11111081-

338 1852 456 1920 nullum
485 1847 677 1916 Ratisbonae
707 1847 796 1926 adiit,
827 1860 860 1915 et
888 1846 1039 1914 fidelitate
1069 1850 1098 1914 ei
1126 1849 1289 1937 premissa
1319 1848 1348 1912 in

339 1979 430 2026 suam
444 1975 592 2023 reversus
615 1964 665 2020 est
679 1955 812 2040 patriam
834 1955 869 2040 ⁸).
917 1954 1095 2040 Burgundio
1115 1955 1264 2042 superior
1289 1975 1348 2020 seu

339 2063 546 2149 transjurana,
569 2060 618 2126 cui
640 2059 825 2146 imperabat,
849 2072 984 2127 tractum
1007 2061 1168 2128 Helvetiae
1189 2059 1347 2128 occiden-

338 2172 434 2239 talem
464 2180 497 2234 et
518 2176 626 2254 partes
658 2165 823 2233 nonnullas
845 2166 934 2254 regni
955 2166 1146 2234 Arelatensis
1169 2166 1349 2253 amplecte-

339 2279 431 2346 batur
450 2275 487 2360 ι).
511 2310 552 2321 -

429 2382 500 2457 Quo
525 2376 656 2442 feliciter
679 2388 812 2462 peracto
837 2378 938 2463 major
956 2378 1023 2463 jam
1041 2398 1118 2444 cura
1134 2376 1241 2444 ltaliae
1265 2377 1347 2445 civili

338 2486 424 2553 bello
446 2485 606 2549 laceratae
622 2483 707 2567 regis
720 2484 857 2548 animum
872 2483 1048 2569 occupavit
1095 2483 1140 2550 lbi
1164 2484 1250 2551 enim
1271 2495 1348 2550 tunc

339 2592 455 2658 tamilia
477 2587 637 2678 quaedam
660 2589 822 2664 Franoioa‚
846 2589 938 2675 cujus
960 2589 1094 2675 praedia
1119 2610 1178 2677 per
1200 2589 1348 2657 diversas

340 2700 462 2787 imperii
485 2695 635 2782 regiones
659 2707 749 2761 erant
772 2695 927 2782 dispersa,
951 2694 993 2760 ad
1017 2696 1268 2783 rempublicam
1291 2717 1347 2784 gc

338 2806 472 2874 rendam
511 2814 710 2879 accesserat,
757 2799 892 2866 oriunda
926 2800 1057 2886 quidem
1086 2803 1128 2870 ab
1160 2802 1348 2869 Eberhardo

339 2905 612 2979 summoLotharii
637 2906 815 2972 consiliario
840 2917 871 2972 et
895 2907 1079 2974 marchione
1093 2908 1300 2995 Foroiuliensi
1321 2909 1348 2992 ὁ)

337 3021 539 3039 ...ae-

412 3071 438 3130 1)
476 3067 632 3118 Ann.l·'uld.
651 3071 710 3118 888.

410 3155 436 3220 8)
473 3155 569 3204 Charta
588 3169 629 3218 ap.
647 3151 768 3219 Bouquet
784 3156 826 3219 tx,
849 3159 899 3207 818
919 3156 1059 3219 (Boebmer
1077 3155 1126 3210 No.
1146 3153 1235 3223 1181).

411 3245 439 3305 8)
474 3243 539 3292 Ann.
558 3242 631 3295 Fuld.
651 3247 710 3294 888.

410 3335 435 3393 t)
471 3331 572 3380 Basilea
596 3330 660 3380 urbs
683 3333 793 3395 imperio
817 3332 979 3383 Francorum
1004 3346 1114 3398 semper
1141 3334 1265 3398 subjecta
1289 3343 1348 3389 erat

338 3421 384 3473 cir.
403 3424 469 3472 Ann.
489 3420 621 3468 Alamann.
641 3431 664 3468 a.
685 3424 735 3470 818
756 3418 840 3479 (Perta
859 3422 904 3471 SS.
922 3420 943 3480 l,
961 3422 1012 3482 ab).
1033 3447 1061 3457 —

409 3508 435 3568 8)
471 3505 525 3556 Cir.
543 3506 576 3555 de
595 3509 670 3568 patre
688 3507 834 3571 Eberhardi
859 3520 874 3558 e
899 3507 1073 3569 scriptoribus
1099 3522 1151 3559 non
1177 3523 1346 3564 commento-

337 3599 394 3647 ratu
417 3594 521 3646 Wenclt
540 3593 581 3643 dle
602 3594 742 3661 Erlrebung
759 3595 864 3647 Arnulls
883 3599 962 3658 pot.
982 3596 1042 3647 adn.
1061 3599 1122 3652 118.
1146 3598 1347 3652 Testamentum

337 3682 481 3734 Eberhardi
506 3683 592 3731 exstat
617 3696 657 3745 ap.
676 3683 798 3747 Daclrery
824 3685 984 3747 spicilegium
1002 3684 1034 3746 ll,
1054 3687 1113 3734 tto.
1148 3685 1267 3737 Pertzius
1293 3685 1347 3754 (ss.

335 3770 377 3833 lV,
394 3776 443 3822 188
463 3770 525 3819 adn.
540 3763 565 3833 t)
585 3775 751 3820 eumentes
770 3774 904 3823 mortuum
924 3785 994 3833 esse,
1014 3773 1131 3834 credidit,
1152 3786 1232 3837 quem
1242 3774 1346 3827 Wenc·

336 3861 394 3910 trus
419 3853 473 3924 (1.1.
492 3871 517 3920 p.
537 3862 579 3908 io.
598 3871 623 3906 n.
646 3853 707 3919 trs)
730 3859 783 3910 hoc
804 3863 935 3912 annalium
955 3862 1128 3911 {teatensium
1153 3862 1214 3913 loco
1237 3863 1346 3917 refellit:

336 3964 381 4010 „a
401 3949 451 3996 888
470 3945 603 3995 Liudotlus
626 3957 751 3995 comesa
772 3950 953 4009 septentrione
979 3954 1005 3998 et
1029 3951 1053 3998 in
1075 3950 1144 3999 ttutia
1167 3950 1345 4015 Euerwinun

334 4049 416 4099 gener
433 4033 568 4082 Ludowici
586 4034 664 4095 regis,
684 4034 812 4098 magnifici
831 4039 889 4101 viri,
908 4039 941 4088 de
961 4037 1011 4087 bac
1029 4039 1087 4088 tuce
1107 4037 1235 4089 subtracti
1254 4041 1347 4092 sunt“.

319 4123 487 4178 dominatur
503 4132 610 4182 quoque
629 4121 655 4169 in
674 4127 809 4173 conventu
825 4126 1024 4176 confluentensi
1042 4140 1065 4175 a.
1078 4130 1128 4174 888
1149 4125 1238 4177 habito
1257 4128 1346 4187 (Perta

333 4212 409 4275 regg.
432 4210 450 4268 i,
470 4208 530 4264 tes)
549 4207 594 4256 cir.
613 4208 750 4261 Ftodoard.
767 4211 825 4262 tiist
846 4213 1345 4280 11111111.111881111111811113011111
