2796 4958
782 648 860 725 199

318 819 470 887 habuerit.
520 819 643 889 Deinde
666 821 818 890 Nicolaus
839 823 861 900 Ι,
891 834 925 888 ut
954 822 1089 908 primum
1114 822 1254 899 anscarii
1278 821 1323 900 ie-

318 940 411 1014 gatus
439 946 478 993 ac
501 925 652 994 Salomon
673 931 684 992 t
709 928 882 1015 episcopus
904 927 1155 1016 constantiensis
1182 926 1224 997 ad
1249 948 1322 1007 curn

319 1044 486 1110 venerunt,
520 1031 646 1099 dehac
669 1055 705 1108 re
729 1035 916 1109 consulturi.
948 1033 1173 1114 coniunctione
1197 1033 1247 1100 ilia
1270 1055 1324 1101 so·

317 1137 462 1212 lemniter
485 1137 686 1217 confirmata,
716 1140 811 1208 edixit
836 1141 876 1227 ¹),
906 1152 939 1214 ut
962 1139 1088 1218 „nullus
1108 1138 1325 1228 archiepisco

316 1265 377 1332 pus
398 1244 597 1323 coloniensis
630 1245 724 1312 ullam
754 1247 813 1312 sibi
843 1246 999 1332 deinceps
1026 1246 1057 1311 in
1088 1244 1204 1313 eadem
1235 1245 1325 1315 dioe-

318 1352 384 1419 cesi
407 1351 594 1437 (Bremensi)
624 1352 797 1427 uindicaret
826 1351 1041 1440 potestatem.'’
1092 1352 1173 1419 Dum
1197 1371 1238 1418 ex
1256 1350 1324 1419 -hoc

318 1457 481 1545 privilegio
507 1471 579 1546 post
596 1457 798 1536 Rimbertum,
817 1457 957 1526 anscarii
976 1475 1212 1536 successorem,
1232 1455 1326 1523 Adai-

318 1564 424 1650 garius
442 1575 610 1654 utramque
628 1565 799 1645 ecclesiam
821 1565 938 1652 pariter
952 1563 1042 1650 regit,
1064 1563 1273 1629 Herinnannns
1294 1568 1323 1640 ¹)

318 1689 400 1742 cum·
426 1670 565 1760 quinque
597 1671 762 1759 episcopis
796 1670 856 1739 sibi
888 1668 1102 1757 *suffraganeis
1135 1668 1245 1736 litteris
1281 1667 1322 1737 ad

316 1776 512 1863 Stephanum
536 1777 678 1856 Videtis
701 1778 742 1844 ab
766 1777 1008 1865 copostularit,
1032 1787 1065 1843 ut
1085 1774 1228 1856 ¹ecclesia
1250 1775 1323 1839 Bre-

316 1882 436 1948 mensis
466 1882 496 1949 in
525 1905 616 1951 suam
646 1883 844 1970 redigeretur
878 1882 1050 1961 ditionem„
1098 1882 1159 1960 Qui
1188 1901 1217 1948 a.
1244 1879 1323 1954 890,

318 2008 391 2056 curn
421 1988 516 2058 etiam
545 1988 730 2076 ddalgarius
760 2009 798 2059 se
826 2009 903 2057 cum
933 2010 974 2057 eo
999 2000 1195 2076 conquestus
1221 1998 1322 2066 ⁴essct,

316 2106 484 2183 utrumque
499 2093 682 2182 pontificem
694 2096 789 2183 jussit
804 2107 857 2162 aut
877 2096 980 2182 ipsum
995 2097 1127 2172 Romam
1144 2095 1254 2175 venire
1271 2105 1324 2162 ent

316 2201 440 2288 legatos
469 2202 610 2281 mittere,
641 2215 674 2273 ut
705 2223 804 2279 causa
834 2223 944 2268 eorum
972 2202 1050 2282 satis
1078 2201 1226 2289 inquisita
1252 2200 1323 2285 ipse

316 2289 434 2375 arbiter
456 2308 515 2374 litis
535 2308 692 2374 existeret.
732 2310 835 2388 Quam
859 2308 1073 2375 invitationem
1095 2317 1227 2384 secutus
1250 2305 1324 2373 licet

315 2413 577 2500 archiepiscopus
603 2413 851 2501 Hamburgeusis
874 2415 994 2481 Romae
1028 2412 1159 2493 adesset
1188 2422 1223 2491 et
1244 2412 1323 2486 mul·

315 2532 364 2589 tas
381 2518 425 2594 de
446 2519 617 2606 privilegiis
636 2519 795 2586 ecciesiae
809 2542 889 2587 suae
904 2520 1026 2593 violatis
1050 2521 1081 2588 in
1104 2519 1322 2597 adversarium

314 2625 529 2713 querimonias
547 2625 697 2713 jactaret,
729 2627 804 2714 qnia
828 2627 1036 2707 Herinrannns
1059 2627 1172 2706 defuit,
1201 2647 1256 2704 res
1280 2625 1322 2692 ad

314 2730 411 2799 finem
435 2730 569 2820 perduci
600 2754 662 2799 non
686 2733 787 2819 potuit
804 2738 844 2813 ⁸).
897 2734 1058 2814 Quocirca
1085 2754 1171 2821 papa
1189 2734 1321 2810 fulconi

314 2839 484 2909 fidemensi
504 2837 530 2924 ⁴)
554 2839 721 2918 mandavit,
744 2850 778 2906 nt
798 2840 850 2907 die
876 2841 927 2914 te.
949 2844 1026 2926 Aug.
1049 2862 1090 2905 m.
1112 2861 1137 2906 a
1156 2839 1224 2909 892
1246 2844 1322 2909 Βοι-

313 2945 477 3032 hotomagi
502 2963 573 3009 cum
594 2944 796 3013 Snnderoldo
814 2946 1059 3033 archiepiscopo
1076 2948 1321 3033 Magantiacensi

315 3051 450 3137 ejusque
477 3047 686 3136 suffraganeis
716 3063 812 3140 atque
841 3053 983 3141 utrisque
1012 3051 1214 3139 pontificibus
1241 3055 1322 3129 inter

313 3177 352 3232 se
381 3155 619 3235 decertantibus
648 3159 842 3225 conveniens
870 3161 901 3224 in
933 3158 1036 3224 vicem
1058 3159 1157 3246 ipsius
1181 3160 1321 3249 diligenti

314 3261 502 3351 quaestione
526 3281 656 3328 causam
680 3283 792 3330 eorum
815 3265 1017 3344 examinaret.
1073 3268 1121 3342 ee
1144 3264 1322 3355 qun'man·

310 3369 391 3444 dato
424 3378 594 3456 postquam
630 3367 741 3448 Fuico,
776 3370 938 3458 Stephano
973 3382 1098 3449 mortuo
1130 3375 1321 3447 Formosum

312 3476 483 3550 certiorem
506 3472 582 3539 iecit
602 3480 647 3554 ⁵),
679 3474 731 3554 hic
754 3497 783 3546 a.
800 3477 873 3558 Ι892
894 3478 1000 3545 statuit
1023 3479 1063 3562 ⁶),
1096 3490 1129 3544 ut
1152 3482 1207 3556 „in
1231 3479 1321 3547 eom-

311 3581 434 3669 ‚petenti
462 3579 557 3647 loco”
584 3581 725 3667 Angusto
754 3603 866 3663 mense
888 3582 1042 3671 ejusdem
1071 3584 1144 3658 anni
1173 3588 1320 3676 synodus

315 3720 515 3736 *ιι-ι·-

387 3791 415 3858 t)
450 3794 625 3858 Lappenberg
643 3795 780 3861 harnaburg.
794 3796 1021 3863 ⁴urkundenbuch.
1040 3800 1059 3862 1,
1081 3803 1123 3850 21.

386 3885 415 3945 a)
452 3881 487 3933 m.
507 3895 533 3944 n.
554 3885 614 3930 aar.

387 3969 416 4032 t)
452 3968 486 4019 ib.
505 3982 531 4031 p.
552 3972 612 4019 778.
639 3968 721 4031 epist
741 3971 865 4034 Stephani
886 3972 1045 4025 Herimanno
1070 3975 1131 4026 data
1159 3980 1243 4041 „quin
1268 3994 1320 4031 ve-

310 4057 397 4108 niente
416 4057 551 4120 ndatgario
566 4057 668 4118 -ipsa
690 4060 779 4110 venire
796 4060 937 4112 distulisti.''
1251 4076 1255 4084 ·

385 4147 410 4208 t)
449 4141 588 4196 Flodoard.
609 4145 672 4205 Hist.
692 4146 780 4198 Rhem.
797 4149 838 4214 lv,
860 4151 882 4198 1.
990 4152 1016 4213 t)
1055 4151 1108 4206 ibd.

384 4232 410 4294 ti
443 4231 618 4299 Lappenberg
642 4216 763 4299 1,raa.'
