2796 4958
636 632 731 717 'ror

189 844 333 914 suntque
356 843 504 892 rotenus
529 828 558 903 ¹)
581 823 694 891 civium
719 825 918 906 seditionem,
949 848 1064 914 magna
1087 839 1196 916 strage

191 932 279 998 edita
306 930 469 1018 repressit
515 929 734 1017 liudprando,
769 933 850 998 viam
883 934 1097 1000 veronensem
1128 937 1196 1022 regi

190 1037 382 1124 prohibitam
412 1037 509 1105 inisse
537 1035 689 1117 tradenti,
723 1037 806 1104 fides
836 1040 963 1106 minime
993 1039 1197 1128 adjungenda

190 1155 249 1221 est
278 1145 486 1232 quoniam-et
507 1142 591 1210 haec
614 1144 690 1210 urbs
721 1147 913 1232 Berengario
938 1162 1003 1216 turn
1027 1147 1194 1235 obtempe-

190 1263 278 1317 raret
300 1263 333 1317 ct
355 1251 407 1316 hie
429 1249 577 1338 proiecto
600 1251 738 1317 nonduin
769 1252 949 1320 defecisset.
994 1254 1118 1320 Deinde
1141 1262 1198 1321 Ar·

191 1356 294 1423 nultus
306 1357 518 1446 Burgundiarn
541 1377 654 1423 versus
678 1379 817 1446 pergens
831 1360 1007 1437 liudolfum,
1030 1361 1083 1448 qui
1106 1360 1195 1447 igno·

190 1475 256 1528 tam
279 1463 322 1531 ob
346 1483 476 1530 caueam
501 1465 590 1550 pacis
614 1483 687 1528 cum
711 1483 751 1531 eo
773 1465 877 1532 factae
902 1465 1024 1543 obiitus,
1048 1486 1121 1532 cum
1134 1467 1198 1531 Wi-

192 1569 282 1636 done
299 1570 414 1637 foedus
430 1571 536 1646 inerat,
562 1569 725 1636 debellare
745 1583 877 1640 conatus
891 1584 950 1638 est.
996 1573 1197 1652 Anacharius,

193 1675 603 1765 marchiodporediensis,
638 1697 734 1764 quem
765 1677 857 1744 Wido
890 1689 922 1745 et
954 1661 1140 1746 Lambertu‘s
1169 1702 1197 1747 a.

193 1781 264 1847 892
285 1795 319 1848 et
338 1782 405 1850 896
426 1780 456 1848 io
482 1782 608 1848 duabus
630 1783 747 1849 chartis
768 1782 795 1870 ²)
821 1785 1073 1852 strenuissimum
1096 1800 1128 1854 et
1151 1787 1200 1854 di·

192 1889 397 1956 lectissimum
421 1891 572 1957 comitem
595 1889 773 1976 appeliant,
803 1890 956 1979 oppidum
979 1912 1086 1972 sunm,
1110 1894 1198 1982 apud

191 1995 282 2086 quod
304 2018 361 2064 ror
384 1995 438 2063 die
462 1997 598 2083 ΠΛΡ).
621 2016 662 2060 m.
684 2008 826 2063 moratus
849 2009 899 2063 est
918 1998 954 2083 ⁸).
978 2002 1140 2086 praesidio
1166 2013 1198 2067 et

192 2103 300 2171 italico
333 2115 367 2170 et
386 2102 587 2190 Burgundioo
616 2102 803 2180 defendens,
833 2102 943 2169 hostes
966 2106 1015 2171 via
1040 2119 1128 2171 recta
1152 2107 1199 2170 in·

191 2210 351 2278 toreiosos
382 2230 507 2276 summa
541 2230 614 2276 cum
645 2208 828 2275 difficultate
861 2211 978 2275 itineris
1010 2231 1069 2297 per
1100 2211 1200 2277 cades

193 2318 294 2384 invios
317 2315 484 2384 invallem
511 2316 713 2404 Augustinarn
737 2317 806 2395 (Val
830 2316 972 2393 d'dosta)
996 2317 1199 2384 descendere

192 2425 301 2511 coegit
319 2421 357 2510 *)
401 2422 545 2491 Amulius
576 2423 670 2509 igitur
696 2443 794 2509 super
825 2436 964 2490 montom
986 2424 1072 2488 Jovis
1096 2427 1200 2512 Agau-

160 2543 163 2547 ’
192 2550 269 2596 num
291 2530 492 2618 perveniens,
516 2531 600 2596 omni
623 2542 708 2594 terra
732 2531 811 2596 inter
829 2531 914 2596 ilium
933 2527 1083 2597 stlocum
1107 2552 1199 2618 pror-

192 2656 249 2704 etta
284 2632 465 2712 devastata,
498 2638 571 2724 quia
605 2656 679 2702 cum
708 2637 842 2704 Rudolso
876 2658 989 2704 manus
1023 2656 1199 2704 conserere

193 2765 259 2810 non
277 2744 387 2831 potuit,
412 2744 441 2808 in
464 2744 599 2829 patriam
613 2763 761 2809 reverens
785 2754 842 2820 est,
865 2743 1064 2809 Kirchheimii
1088 2744 1199 2828 regina

194 2849 225 2918 ei
249 2860 448 2916 noanneane.
475 2884 514 2901 -
577 2894 580 2898 -

287 2957 364 3021 Tum
395 2975 506 3022 mense
530 2957 624 3022 Juoio
655 2957 782 3022 ineunte
807 2955 988 3020 contionem
1020 2951 1202 3040 generalem

193 3059 419 3148 Borbetomagi
444 3064 649 3148 congregavit
671 3062 779 3151 ibique
803 3062 831 3126 in
861 3083 914 3128 res
935 3060 1087 3127 Franciae
1117 3059 1202 3126 occi-

196 3166 331 3233 dentalis
354 3167 448 3233 vaide
472 3167 672 3254 perturbatas
695 3168 914 3256 disponendas
937 3188 1070 3255 operam
1095 3165 1202 3232 decim

197 3273 335 3340 contuiti.
391 3274 443 3339 ttta
474 3274 557 3339 enim
588 3276 697 3351 factio,
728 3297 811 3363 quac
841 3274 1010 3363 aliquando
1034 3273 1203 3339 Widonern

197 3379 340 3466 elegerat
374 3399 412 3444 ac
444 3381 631 3465 praesertim
666 3381 763 3446 Falco
797 3380 1075 3467 archiepiscopus,
1108 3375 1204 3441 invite

194 3497 314 3552 tantum
345 3485 509 3572 imperium
535 3487 657 3554 Odonis
686 3486 824 3552 tolerans
856 3506 939 3550 anno
968 3483 1097 3548 tandem
1125 3481 1203 3550 892.

272 3723 297 3792 1)
332 3726 438 3788 Liudpr.
456 3728 514 3777 Ant.
530 3723 549 3788 1,
568 3733 611 3781 at.

270 3815 295 3877 2)
332 3814 485 3864 Tiraboschi
503 3817 647 3866 Nonantola
665 3815 695 3878 11,
716 3820 760 3866 85.
783 3817 849 3878 Dipl.
861 3816 982 3866 Widottis
1000 3811 1038 3875 (a,
1058 3808 1122 3873 892)
1142 3813 1208 3875 „in-

197 3906 323 3954 terventu
347 3929 377 3941 -
398 3903 533 3953 anscherii
551 3905 667 3968 itemque
686 3905 860 3956 strenuissimi
880 3902 1066 3963 marchionis'';
1091 3897 1207 3952 Menum.

197 3992 295 4042 Biston.
311 3991 424 4052 Patriae,
443 3990 649 4042 constantem.
668 3991 687 4055 1,
705 4007 731 4056 p.
752 3999 792 4044 87.
829 3993 896 4054 Dipi.
910 3990 1043 4043 cambati
1063 3989 1209 4051 „ditectts-

199 4081 285 4131 oenus
296 4079 413 4129 marchio
426 4083 517 4128 nostor
528 4084 607 4143 atque
618 4081 785 4132 fidelissimus
796 4092 889 4132 comes
898 4078 1072 4130 „tuccitanus”
1093 4077 1128 4138 (a.
1139 4077 1209 4136 89⁸).

270 4164 301 4232 ,8)
335 4167 476 4227 Boehmor‚
499 4171 575 4217 1107.

275 4250 300 4320 i)
337 4257 403 4306 dun.
421 4254 490 4306 Ftdd
514 4259 573 4322 891,
593 4256 699 4319 Liudpr.
719 4255 739 4319 l,
762 4262 803 4317 35,
823 4252 886 4319 Reg.
906 4259 966 4306 8111.
986 4279 1017 4292 ·-
