2796 4958
551 608 608 726 ss

73 847 108 900 et
119 832 296 901 Valdradae
314 831 441 918 pellicis»
453 850 526 897 cum
544 851 677 918 reguum
697 841 872 917 palernum,
887 832 976 920 quod
996 831 1081 898 baud

72 941 189 1017 minus,
219 958 316 1026 qnam
341 937 511 1002 Germania
534 937 584 1003 vel
608 936 707 1003 Gallia
731 938 850 1024 proprii
868 937 950 1023 juris
975 937 1079 1003 lucrat

70 1048 167 1111 arinis
208 1063 401 1128 recuperare
427 1035 620 1121 'concretum
657 1042 831 1108 luminibus
865 1043 1005 1128 privatus
1044 1058 1076 1108 et

71 1149 240 1215 monachili
267 1158 357 1214 vesle
388 1147 514 1214 indutus
545 1147 574 1212 in
606 1149 799 1214 monasterio
829 1147 1003 1213 prumiensi
1033 1147 1075 1214 dc

69 1255 131 1322 viia
156 1253 298 1319 decessit
318 1250 351 1336 ¹).
399 1250 468 1317 Sed
493 1252 618 1317 cuinam
641 1272 775 1338 regnum
797 1253 948 1318 Francius
971 1254 1076 1319 orien-

69 1361 148 1437 talis,
174 1358 287 1425 Carolo
306 1369 439 1434 mortno,
465 1356 755 1434 tribuendamerat,
778 1374 851 1421 cuin
868 1368 900 1422 et
922 1377 981 1435 „ex
999 1378 1076 1424 con-

68 1463 237 1529 suetudine
267 1463 424 1536 olitana,“
454 1475 489 1526 ui
511 1460 643 1526 Carolus
666 1461 780 1527 Calvus
808 1461 853 1526 'aii
869 1460 905 1532 ¹).
964 1464 1075 1529 Franci

69 1591 88 1634 a
111 1568 242 1653 regibus
266 1565 457 1631 hereditario
477 1565 550 1652 jure
580 1585 646 1644 „ex
670 1587 790 1653 genere
800 1573 816 1600 “
845 1564 1075 1653 prodeuntibus

70 1671 279 1737 administrari
303 1671 458 1747 solerent,
487 1690 592 1758 neque
610 1672 646 1735 in
670 1672 798 1759 singulis
821 1673 1075 1739 totius'nationis

69 1776 216 1863 gentibus
240 1796 342 1862 penes
364 1776 502 1862 singulos
525 1777 609 1843 viros
633 1788 698 1841 urm
719 1778 784 1863 janu
805 1787 893 1842 tanta
909 1789 996 1843 esset
1012 1796 1076 1863 ‘po-

68 1881 178 1957 tentia,
208 1891 242 1944 ut
264 1881 453 1959 inveterato,
478 1893 511 1946 nt
533 1882 576 1947 iia
600 1881 722 1959 dicam,
749 1882 873 1968 imperii
897 1884 1075 1955 communis

67 1985 191 2052 vinculo
215 1986 335 2065 soluto,
366 1988 530 2073 proprium
559 1985 620 2053 sibi
642 1989 778 2075 quisque
802 1984 994 2053 constituere
1016 2009 1076 2074 pn·

67 2093 179 2157 inisset
198 2090 356 2170 ducatum,
381 2111 486 2179 neque
500 2092 581 2158 ullus
595 2108 707 2159 eorum
725 2094 806 2157 inter
821 2103 969 2157 caeteros
989 2092 1074 2161 adeo

67 2207 253 2283 praestaret,
276 2207 310 2260 ui
332 2216 369 2261 se
395 2199 424 2261 oi
448 2197 492 2264 ob
516 2218 606 2263 suam
631 2198 728 2283 ipsius
748 2195 930 2281 dignitatern
950 2196 1075 2284 absque

69 2301 264 2367 hereditario
282 2301 354 2386 jure
379 2301 606 2389 obtemperare
626 2303 861 2377 sustinuisseni;
885 2302 973 2388 quod
989 2305 1075 2390 vige-

65 2409 156 2485 simo,
181 2405 231 2472 vel
254 2407 279 2470 si
303 2406 404 2471 mavis
427 2408 588 2473 tricesimo
610 2406 740 2475 deinum
764 2423 847 2472 anno
867 2419 947 2492 post,
969 2409 1073 2475 multis

65 2510 182 2578 acritei
202 2510 460 2596 repugnantibus,
485 2512 683 2579 factumest.
721 2515 751 2576 ln
776 2532 839 2599 qua
862 2532 968 2578 rerum
993 2513 1095 2580 ‹iiiii-2

67 2611 183 2682 coliate
197 2638 293 2682 unum
315 2616 531 2684 laniummodo
549 2617 598 2683 *ad
620 2618 709 2703 leges
733 2618 822 2703 regni
845 2615 986 2703 undique
1007 2620 1075 2685 vio*

65 2724 207 2788 latasei
241 2723 438 2807 contemptui
467 2721 590 2788 habitas
622 2722 860 2788 conservandas
896 2722 1075 2790 remedium

64 2829 208 2895 relictum
232 2846 307 2890 esse
330 2826 506 2903 videbatur,
530 2838 570 2892 ut⁴
587 2848 699 2893 omnes
723 2828 755 2890 in
774 2827 897 2912 origine
915 2846 978 2891 non
997 2827 1076 2914 legi-

66 2935 140 2997 iiina
171 2930 381 2995 conniventes
411 2942 443 2995 ei
474 2932 629 3016 majurum
659 2931 841 3016 exemplum
864 2931 986 3008 imitati,
1023 2935 1075 3020 qui

65 3035 168 3101 Caroli
189 3034 317 3098 Marcelli
342 3036 426 3101 nothi
451 3036 548 3100 ductu
570 3036 692 3102 Arabes
714 3035 855 3122 gloriose
878 3035 1074 3117 devicerunt,

63 3140 206 3218 Arnullo,
237 3138 279 3205 ab
312 3145 381 3220 ejus
411 3161 531 3228 genere
555 3141 690 3208 oriundo
714 3161 826 3207 omnes
846 3140 892 3217 ¹ad
914 3163 1012 3207 unuin
1036 3164 1074 3210 se
1116 3223 1121 3226 ,

62 3246 267 3332 subjicerent.
330 3247 365 3310 iit
396 3247 478 3312 banc
510 3247 641 3334 quidem
677 3247 882 3333 plurimorum
912 3246 1075 3314 bominum

62 3352 161 3416 luisse
185 3351 373 3415 senientiam
399 3373 438 3418 ex
461 3356 578 3426 Assoro
601 3353 834 3444 Anglosaxone,
854 3352 921 3416 viro
946 3351 987 3417 ab
1007 3372 1075 3418 om-

64 3463 264 3478 —.....-.

124 3513 160 3572 *il
197 3513 294 3572 Regino
314 3525 336 3562 a.
357 3517 417 3574 iiiia,
438 3519 497 3576 885,
517 3514 581 3564 Ann.
600 3515 708 3565 vedast.
728 3518 801 3563 885.»

133 3597 160 3662 2)
197 3597 310 3647 Libellus
337 3600 423 3650 Caroli
452 3605 522 3666 regis
549 3602 683 3652 adversus
708 3600 873 3649 Wenilonem
898 3611 921 3648 a.
950 3603 1000 3652 8³9
1031 3616 1073 3666 ap.

59 3686 134 3735 Partz
153 3687 230 3748 legg.
251 3685 270 3747 i,
293 3687 342 3735 idi
366 3686 400 3736 ci.
425 3692 502 3750 epist.
525 3689 647 3739 Fulconls
673 3687 708 3736 ud
726 3688 786 3735 Arn.
812 3699 902 3750 regem
927 3687 1075 3746 (Flodoard.

59 3773 125 3824 illes
141 3773 231 3824 libem.
249 3773 293 3832 lV,
313 3767 340 3836 ii)
369 3774 547 3836 „Francorum
565 3799 601 3812 -
620 3788 679 3826 mos
708 3786 817 3835 sempor
841 3772 931 3835 luerit,
956 3777 987 3824 ui
1010 3791 1074 3842 rego

59 3860 206 3910 decedente
230 3861 308 3909 ulium
328 3860 361 3910 de
385 3863 456 3924 regia
481 3866 563 3926 stirpe
586 3865 631 3915 rel
659 3862 832 3914 successione
851 3885 884 3897 —
910 3861 1075 3927 eilgerent3‘5

58 3949 137 4010 epist.
153 3948 273 3997 liuttouls
295 3948 329 3997 ad
346 3947 494 3998 iohannem
507 3947 549 3998 ix.
566 3963 665 4013 papam
686 3946 799 4016 (Bucam
818 3946 877 3997 cod.
896 3948 956 4011 dipl.
974 3947 1074 4001 lllorav.

57 4031 76 4090 l.
97 4028 143 4099 cil
169 4036 253 4097 „quia
276 4048 353 4098 reges
373 4037 533 4086 Francorum
561 4050 670 4100 semper
687 4050 721 4087 ex
746 4047 801 4085 uno
820 4047 918 4098 gonaro
935 4039 1074 4098 procede-

56 4120 131 4183 bant,
152 4121 290 4170 maluimus
308 4123 450 4191 pristinum¹
466 4136 568 4175 morem
589 4136 707 4187 servaro,
728 4135 806 4187 quam
824 4133 896 4171 nova
913 4123 1074 4176 institutione

56 4205 203 4258 insidere.⁴‘
225 4230 261 4244 -

821 4291 871 4355 2*
