2796 4958
672 635 746 703 lot

206 828 287 897 poro
309 808 451 877 notarius
474 806 517 877 ad
530 807 636 881 videm
646 807 836 885 Thoutmari
859 807 950 897 cujus
965 829 1082 875 nomen
1099 823 1210 898 aperte

205 913 332 986 iudicat.
356 914 437 986 hauc
460 913 600 981 tabulam
617 927 732 1001 postea
746 914 874 981 demum
895 935 970 982 essa
993 911 1210 985 adulteratam.

205 1022 344 1091 Tertium
367 1020 509 1108 diploma
531 1021 573 1089 ad
597 1021 686 1110 quod
711 1019 912 1092 ittudtrmtfi
926 1021 1128 1094 referendum
1152 1034 1209 1110 eat

204 1148 269 1192 non
293 1127 396 1214 ipsum
420 1126 461 1194 ad
492 1149 551 1206 uos
580 1129 739 1215 pervenit,
769 1127 829 1196 sed
862 1126 1059 1199 confirmatio
1090 1139 1212 1205 tautum

204 1234 276 1320 ejus
299 1233 341 1299 ab
365 1233 483 1301 Ottoue
504 1234 530 1298 ll
552 1256 581 1301 a.
604 1235 671 1305 982
700 1253 859 1306 concessa
879 1239 919 1314 “),
962 1233 1080 1301 Tabula
1104 1246 1210 1305 autem

203 1339 312 1426 spuria
338 1359 367 1405 a.
397 1338 464 1408 890
499 1339 574 1410 data
602 1362 622 1409 a
650 1337 847 1427 principibus
877 1340 1123 1427 posterioribus,
1154 1342 1211 1408 Ot-

205 1457 283 1515 touc
306 1446 385 1532 11²),
407 1448 557 1515 Heinrico
576 1448 613 1513 lll
634 1447 672 1532 ⁸),
695 1445 844 1517 Heinriao
866 1447 901 1513 lV
921 1446 958 1532 ⁴),
979 1445 1123 1533 Pudippo
1141 1448 1166 1511 ll
1184 1450 1211 1530 ⁵)

206 1557 344 1640 repetita
367 1563 426 1628 ost,
449 1553 490 1618 ita
513 1564 547 1618 ut
569 1553 618 1619 vol
640 1551 754 1621 iisdcm
767 1550 873 1622 verbis
890 1562 1031 1632 utantur;
1053 1552 1115 1620 hoc
1137 1555 1212 1626 loco

206 1671 314 1727 autom
338 1659 494 1746 explorari
511 1670 706 1747 conpotem,
727 1657 928 1747 quotharum
952 1658 1132 1726 chartarum
1156 1683 1213 1749 ge-

209 1767 327 1831 nuinae
350 1766 413 1831 sint
436 1765 485 1830 uel
503 1765 633 1853 quando
664 1786 776 1832 revera
799 1784 913 1831 omues
935 1763 1006 1832 illae
1030 1768 1212 1852 possessio·

207 1891 267 1940 nes
291 1869 533 1940 confirmatione
557 1870 762 1958 diplomatum
791 1872 1028 1959 suppositorum
1053 1873 1213 1943 ecclesiae

206 1977 375 2045 lucacensi
398 1975 576 2061 obtigerint.
602 2013 643 2027 -

292 2085 337 2151 lll.
383 2081 528 2150 druullus
550 2084 723 2169 imperator
746 2093 868 2155 curtem
884 2083 964 2150 liuiti
987 2083 1027 2151 ad
1053 2099 1213 2155 monaste·

206 2192 286 2257 uum
311 2191 355 2259 St.
378 2186 538 2255 llichaelis
561 2189 649 2274 juxta
674 2189 836 2256 llatlieseo
865 2187 975 2266 tradit,
1004 2210 1064 2278 pro
1086 2211 1150 2278 qua
1172 2213 1213 2259 ex

207 2297 305 2364 rebus
329 2294 513 2362 monasterii
535 2294 680 2381 Otingae,
704 2294 745 2361 ad
769 2294 882 2361 sedem
902 2297 1121 2363 Batavieuscm
1139 2298 1213 2385 jura

207 2415 365 2491 perpetuo
389 2401 592 2488 pertinentis,
623 2399 789 2485 praedium
819 2402 959 2471 initalia
986 2405 1096 2484 situm,
1125 2403 1212 2492 quod

207 2510 357 2577 Sumrrros
380 2507 469 2573 lacus
499 2510 700 2593 nuncupatui·
728 2509 842 2595 recipit
871 2508 924 2576 dic
950 2511 1097 2599 tildug.
1121 2531 1213 2578 ma.

206 2617 277 2683 898
298 2611 492 2681 liuntcsdorl
509 2613 547 2697 ⁶).
592 2613 680 2679 Haec
704 2612 822 2692 charta,
846 2636 930 2702 quac
958 2617 1117 2703 originalis
1138 2638 1215 2704 spa·

207 2724 292 2790 ciem
315 2719 468 2787 exhibere
492 2732 634 2794 conatur.
665 2731 880 2807 transsumpto
903 2722 1022 2788 saeculi
1045 2725 1096 2788 ΧΗ
1117 2724 1214 2789 simil-

208 2830 281 2895 lima
306 2837 356 2893 est
377 2831 406 2905 7)
429 2837 525 2915 atque
549 2846 621 2896 eam
645 2823 688 2891 ob
712 2844 843 2894 causam
856 2825 930 2916 mihi
953 2828 1038 2893 venit
1059 2829 1089 2894 iu
1110 2829 1214 2915 suspi-

192 2937 345 3013 fiouem,
366 2932 453 3020 quod
477 2933 508 2998 in
533 2953 572 3000 ea
596 2932 822 3002 monasterium
845 2930 1032 3021 Ottiogeuse
1057 2935 1213 3023 episcopo

209 3041 385 3108 Bataviensi
409 3037 588 3125 subjectum
601 3059 675 3107 esse
691 3037 813 3106 dicitur.
858 3037 1108 3113 carlomannus
1130 3042 1215 3115 euim

209 3149 240 3214 in
263 3146 334 3213 villa
357 3145 446 3233 regia
470 3144 598 3231 Ottiuga
620 3165 646 3211 a
670 3141 737 3209 877
759 3143 953 3214 coenobium
977 3147 1020 3218 St
1043 3149 1158 3221 aurae
1183 3159 1215 3217 at

208 3255 255 3319 St.
274 3252 422 3338 Philippo
452 3249 636 3317 dedicatum
665 3255 838 3317 construxit
858 3254 903 3334 ⁰),
935 3273 1000 3339 quo
1029 3253 1095 3320 878
1119 3253 1214 3321 ctiam

209 3380 287 3428 ossa
309 3360 354 3424 St.
377 3357 581 3433 llaximiliuui,
604 3359 647 3424 St.
668 3357 832 3425 Felicitatis
856 3355 988 3427 aliorum
1010 3359 1165 3430 transtulit
1187 3361 1214 3446 ⁹)

209 3467 317 3554 ibique
341 3474 455 3551 postea
478 3462 621 3549 sepultus
645 3477 702 3529 est.
746 3462 834 3529 ldem
859 3474 891 3530 et
914 3461 1045 3530 Carolus
1067 3464 1160 3545 ltt¹⁰t
1184 3477 1216 3537 et

208 3631 407 3646 μ·-

282 3714 307 3774 1)
343 3712 499 3775 impacti.

282 3801 307 3861 a)
344 3800 501 3862 lupata.
706 3798 730 3858 a)
767 3804 874 3861 psas.

282 3891 306 3951 t)
343 3902 368 3951 p.
387 3890 448 3936 att.
650 3885 677 3944 a)
714 3885 800 3936 lluud.
817 3891 931 3951 metrop.
951 3887 1092 3954 salisburg.
1112 3890 1129 3954 l,
1150 3891 1192 3942 at.

282 3978 308 4037 o)
344 3973 416 4028 Mon.
445 3972 515 4021 Boio.
533 3971 620 4034 xxxt,
643 3975 702 4035 110,
722 3972 871 4038 (Boehmer,
893 3975 983 4038 ttts).

283 4066 307 4125 r]
344 4062 504 4126 ruptus
708 4059 734 4126 a)
771 4063 803 4113 ru.
825 4067 930 4126 prta.

282 4154 308 4213 9)
344 4153 377 4202 ib.
396 4165 422 4214 p.
445 4153 493 4198 109
514 4147 666 4211 (Βοεὴωεν,
688 4147 761 4214 too).

265 4238 309 4304 to)
345 4240 424 4302 rap.
447 4241 506 4290 tta.
