2796 4958
642 632 693 695 le

170 812 290 889 potest,
314 799 581 879 eam,·³·eemitalu
605 798 762 889 Dudleipa
785 812 924 890 excepte
950 802 983 887 ¹),
1014 812 1046 869 et
1068 802 1181 889 ipsam

169 908 236 975 sub¹
259 906 442 993 Suatopluei
480 906 598 974 ditione
627 905 741 986 luisse,
774 908 848 996 quia
877 919 911 975 et
942 908 1182 987 Constantinus,

170 1015 239 1101 ejus
263 1012 771 1100 r·egnun1,magnamlloraviam
795 1013 952 1104 aSyrmio
976 1015 1095 1082 initium
1119 1016 1186 1083 ee-'

170 1121 257 1208 pisse
281 1118 357 1185 dicit
380 1119 414 1203 ²),
438 1127 471 1183 et
493 1116 597 1204 legati,
622 1117 674 1205 qui
699 1139 739 1185 ex
749 1121 880 1187 Francia
902 1141 929 1187 a.
952 1117 1018 1188 892
1043 1121 1085 1188 ad
1104 1121 1183 1188 Bul·

170 1245 266 1313 garos
279 1223 407 1303 iverunt,
427 1235 560 1312 propter
571 1225 770 1291 Moraverum
783 1225 912 1292 insidias
924 1247 984 1314 per
996 1227 1119 1295 Odram
1139 1228 1182 1314 ⁸),

171 1331 313 1418 Colapim
327 1329 458 1417 (Kalpe),
482 1329 605 1396 Savum
619 1330 678 1396 iter
689 1332 798 1398 faeere
813 1331 917 1398 eoacti
928 1342 1001 1398 sunt
1018 1333 1055 1419 ⁴).
1091 1334 1182 1400 Num

170 1436 304 1506 Chozilis
329 1456 462 1523 regnum
485 1444 584 1502 totam
606 1435 690 1502 hane
715 1437 879 1524 regionem
903 1458 1006 1526 usque
1029 1437 1071 1504 ad
1094 1440 1182 1507 Dra-

168 1567 242 1612 vum
266 1556 299 1609 et
322 1541 498 1608 Danubium
528 1541 707 1626 amplexum
738 1543 793 1623 sit,
827 1566 940 1632 parum
970 1554 1109 1623 constat,
1144 1557 1181 1612 at

117 1689 119 1693 ,
169 1672 232 1718 non
256 1669 387 1736 prorsus
411 1647 442 1712 id
467 1647 531 1713 veri
557 1646 706 1715 dissimile
722 1671 797 1716 esse
810 1663 948 1738 putares,
972 1649 998 1715 si
1021 1648 1115 1717 loous
1132 1650 1180 1718 ad

170 1757 193 1820 v
216 1754 373 1832 basilicas,
398 1752 487 1839 cujus
511 1772 689 1844 anonymus
721 1754 762 1821 de
786 1756 997 1822 conversione
1021 1756 1187 1824 Caranta-.

170 1883 282 1929 norum
305 1859 499 1926 mentionem
522 1858 596 1925 lacit
619 1861 645 1944 ⁶)
672 1859 881 1928 Fdnllirchen
904 1861 1118 1951 explicaretur
1143 1876 1178 1931 et

170 1969 287 2036 ducem
310 1965 394 2031 illum
418 1965 449 2030 in
472 1965 535 2032 vita
557 1965 600 2032 St.
624 1965 794 2033 Clementis
818 1967 899 2046 ,τὸν
920 1973 977 2056 τῆς
999 1971 1178 2048 1100001ος

168 2076 336 2162 συμπάσης
353 2072 553 2159 κρατοῦντα”
575 2072 727 2159 appellari
743 2073 997 2161 perpenderetur
1016 2071 1052 2158 ⁰).
1082 2074 1177 2152 Quo-

169 2182 395 2268 modoeunque
418 2199 471 2244 res
495 2176 663 2258 sehabet,
693 2190 811 2245 tractus
834 2180 884 2248 ille
907 2180 1088 2247 Pannoniae
1114 2179 1178 2253 do-

100 2363 102 2365 ,
168 2287 297 2357 minatui
320 2288 513 2351 Francorum
537 2294 632 2348 antea
660 2282 841 2370 subjectus,
872 2285 913 2352 ab
942 2286 978 2352 iis
1009 2305 1092 2374 paee
1118 2286 1177 2353 ali-

170 2414 233 2485 qua
256 2390 297 2457 ad
319 2392 472 2464 lloravos,
496 2388 549 2475 qui
573 2389 709 2455 maxime
733 2411 806 2456 eam
828 2389 1018 2470 incolebant,
1041 2393 1176 2473 transiit,

169 2513 209 2578 et,
233 2508 267 2563 ut
288 2492 438 2582 equidem
461 2493 616 2580 suspicor,
640 2513 688 2572 ea,
718 2514 802 2583 quae
826 2516 853 2563 a.
876 2496 942 2562 873
967 2497 1089 2584 magnis
1114 2498 1178 2566 de-

168 2601 320 2673 trimentis
352 2620 371 2665 a
403 2600 504 2665 Slavis
539 2600 682 2686 acceptis
712 2598 809 2667 finem
843 2601 992 2688 imposuit
1012 2603 1045 2689 τ).
1100 2605 1178 2682 Qua

154 2690 353 2797 'conjectura
377 2704 520 2792 probata,
544 2704 632 2792 quod
656 2725 682 2772 a.
697 2703 764 2772 882
788 2706 920 2794 Bulgari,
942 2730 1004 2774 una
1028 2728 1101 2775 oum
1114 2709 1177 2777 Ar-

168 2815 243 2885 nulli
267 2812 367 2878 vassis
389 2830 524 2898 regnum
536 2812 728 2878 Moravioum
752 2812 903 2880 invadere
926 2815 1092 2900 potuerint,
1113 2818 1178 2883 mi-

168 2944 227 2991 nus
251 2916 393 2985 mirabile
423 2915 515 2983 nobis
543 2916 701 2984 videbitur
719 2918 755 3004 ⁸).
800 2921 832 2985 ln
863 2920 980 2986 eodem
1011 2934 1178 2991 conventu

169 3022 394 3110 Commagenis
417 3021 539 3101 habito,
571 3023 666 3088 etiam
690 3025 850 3092 Brazlawo
875 3024 954 3099 dux,
984 3027 1035 3113 qui
1065 3037 1180 3101 terrae

168 3136 249 3200 inter
260 3134 396 3196 liranum
411 3138 442 3193 et
453 3126 571 3194 Savum
584 3130 664 3195 sitae
683 3142 839 3217 praeerat,
864 3132 1045 3218 imperatori
1059 3153 1179 3202 manus

165 3262 367 3280 ...υ-,-

240 3339 264 3400 1)
302 3335 366 3386 Vide
385 3346 468 3396 supra
484 3347 512 3397 p.
536 3338 596 3386 811.
617 3339 639 3385 t.

239 3422 265 3486 2)
302 3422 792 3486 (1000100110.οο0000101010100000.
812 3437 834 3474 0.
858 3427 897 3475 lo.

239 3513 264 3574 ³)
299 3511 439 3570 Fluviolus,
458 3511 545 3573 quiin
566 3511 683 3573 Colapim
703 3510 853 3563 effunditur.

240 3593 265 3664 ll
302 3587 577 3648 10010100891.

238 3686 264 3746 t)
299 3684 501 3746 Luttprammus,
521 3698 618 3748 erepus
632 3683 727 3738 Juvav.
745 3686 780 3736 ibi
799 3685 940 3736 ecelesiam
959 3685 1099 3737 dedloevit.
1120 3689 1180 3739 lto·
1192 3726 1208 3755 ,¹

166 3775 235 3839 pitar
253 3769 376 3836 Glagolita
396 3771 534 3824 Clozianas
552 3787 579 3836 p.
596 3773 702 3824 Llllllv.

238 3857 264 3926 6)
301 3861 357 3909 vita
376 3861 412 3909 st.
433 3860 574 3912 Clementis
594 3861 636 3912 ed.
654 3857 799 3924 lliklosioh,
817 3861 894 3912 Wien
918 3865 995 3924 1811,
1014 3875 1039 3925 p.
1062 3866 1086 3912 0.
1108 3876 1132 3913 0.
1153 3867 1178 3915 t.

237 3946 264 4008 1)
299 3947 429 3998 Hinemar.
447 3962 469 3998 0.
489 3953 551 4001 tlt.
569 3950 635 4001 000.
653 3949 725 4000 Fuld.
743 3961 765 4001 0.
783 3952 875 4017 affl
898 3949 960 3999 ficta
981 3949 1015 3998 de
1033 3948 1084 4000 hae
1103 3963 1177 4012 paee

165 4035 291 4101 referunt,
311 4048 379 4103 quae
398 4030 518 4101 Palaelry,
549 4032 654 4103 (60000.
680 4050 705 4088 v.
730 4016 841 4090 Baalim)¹
858 4036 878 4087 l.
900 4039 959 4098 let,
978 4049 1004 4086 0.
1023 4032 1076 4103 970)
1105 4042 1176 4092 satis

164 4123 297 4175 refutavit.

236 4206 261 4277 0)
298 4210 365 4263 aun.
385 4212 455 4263 000.
477 4208 552 4274 (Pau
571 4210 610 4275 vo
629 4224 651 4264 a.
672 4194 732 4262 eis.
