2796 4958
563 657 588 720 ὅ

74 822 171 891 fidiae
193 845 272 892 suae
298 824 455 892 Corinthia
480 825 529 892 vel
559 847 634 912 pars
662 825 731 912 ejus
756 822 903 912 obtingit,
933 825 988 896 ubi
1013 851 1084 898 eutn

73 951 101 996 a.
134 929 201 997 864
231 932 428 1018 praelectum
464 931 560 998 luisse
597 931 706 997 charta
737 931 898 1018 quaedam
921 933 945 1019 ¹)
977 934 1082 1012 docet,

71 1036 320 1104 Carolcmaunus
350 1037 391 1104 ab
421 1037 505 1105 omni
534 1038 717 1124 suspicione
748 1038 896 1104 celeriter
918 1037 1080 1124 liberatus,

69 1142 100 1206 in
124 1145 256 1229 gratiam
279 1145 363 1230 regis
385 1145 478 1211 rediit
495 1155 526 1209 et
547 1145 801 1232 sequentianno,
825 1144 920 1232 lugae
939 1167 976 1213 se
993 1169 1080 1216 mau-

69 1247 158 1325 dans,
181 1269 314 1333 marcas,
334 1249 494 1337 quaesibi
516 1249 687 1336 ademptae
707 1260 804 1327 eruut,
824 1269 897 1316 cum
917 1271 1078 1321 consensu

69 1355 283 1420 marchionum
307 1357 510 1442 recuperavit
529 1356 564 1442 ²).
603 1356 669 1421 Nec
690 1355 788 1420 multo
812 1366 886 1441 post
903 1355 1076 1425 Ludowico

66 1480 198 1546 regnum
223 1460 304 1526 inter
333 1459 415 1526 lilios
446 1461 506 1527 sub
537 1482 595 1526 sua
620 1461 737 1526 ditione
767 1461 809 1524 ita
833 1459 1074 1545 gubernandum

66 1564 243 1645 dividente,
274 1578 332 1644 „ut
361 1565 466 1632 adhuc
490 1587 526 1632 se
559 1567 683 1631 vivente
713 1575 830 1630 tantum
855 1564 1074 1635 denominatas

65 1680 171 1736 curtes
195 1671 358 1749 haberent,
382 1683 414 1736 ct
438 1671 575 1736 minores
600 1690 715 1736 causas
740 1669 960 1737 disterminare
982 1691 1074 1741 cura·

64 1787 147 1850 rent,
179 1777 343 1863 episcopia
366 1797 442 1842 vero
467 1777 572 1842 omnia
596 1785 628 1840 et
651 1777 858 1855 monasteria,
888 1797 1015 1846 necnon
1040 1790 1073 1846 et

63 1882 223 1959 comitiae,
255 1881 372 1968 publici
404 1882 497 1947 etiam
521 1881 590 1947 fisci
615 1891 646 1946 et
671 1892 786 1947 cuncta
809 1882 931 1968 majora
949 1884 1071 1971 judicia

61 1986 102 2052 ad
127 2007 164 2052 se
187 1999 335 2073 spectare
360 1986 529 2053 deberent”
551 1987 593 2072 ³),
626 1998 699 2052 natu
728 1986 882 2054 maximus
906 1991 1069 2056 Bavariam

61 2105 92 2158 et
126 2093 297 2171 „marchas
331 2106 442 2159 contra
477 2094 588 2160 Slavos
627 2104 659 2158 et
690 2093 944 2179 Langobardos”
982 2096 1001 2160 i.
1040 2116 1068 2162 e.

60 2200 223 2265 Orientem
239 2199 445 2277 (Oestreich),
470 2210 636 2285 utramque
653 2199 855 2277 Pannoniam,
878 2199 1068 2268 Cariathiam

28 2291 32 2300 ¹
61 2326 133 2370 cum
158 2305 313 2371 Carniolia
344 2325 363 2369 a
392 2314 482 2390 patre
514 2304 638 2390 recepit
658 2303 693 2389 ⁴).
747 2304 834 2369 lstria
865 2316 970 2383 atrtem
995 2326 1067 2372 cum

57 2412 219 2490 Liburnia,
251 2431 334 2499 quae
358 2410 464 2496 paullo
488 2423 561 2496 post
585 2409 625 2474 ab
651 2407 802 2474 Odelrico
826 2410 1010 2476 marchione
1035 2421 1067 2475 et

58 2519 175 2584 comite
206 2517 289 2582 sacri
320 2516 424 2603 palatii
450 2515 631 2601 berengarii
661 2514 746 2602 regis
770 2515 1008 2602 gubernabatur
1030 2515 1065 2595 ⁶),

57 2624 191 2690 lortasse
211 2623 278 2709 jam
309 2633 383 2688 tunc
407 2623 512 2688 italico
542 2644 642 2709 regno
666 2621 813 2707 subjecta
838 2633 912 2689 erat.
971 2622 1064 2687 Patre

57 2731 148 2816 igitur
172 2750 198 2794 a.
223 2727 288 2794 876
313 2727 508 2805 decedente,
538 2740 602 2793 tres
627 2727 738 2793 lratres
762 2729 792 2793 in
816 2748 900 2815 pago
925 2724 1065 2792 Sualilelt

57 2835 300 2911 convenientes,
330 2854 431 2920 regna
461 2835 563 2920 prima
587 2832 740 2900 divisione
763 2846 914 2921 accepta,
946 2830 1062 2909 denuo,

48 2929 117 3007 ¹suo
142 2938 293 3006 arbitratu
318 2939 579 3019 administranda,
601 2939 660 3006 sibi
685 2939 910 3007 confirmarunt
930 2938 964 3024 ⁸).
1009 2938 1061 3006 Vel

126 3179 152 3240 1)
188 3180 353 3242 Kleinmayrn
370 3179 482 3231 luvovia
502 3180 567 3229 liuh.
586 3184 619 3230 93
638 3177 784 3241 (Boehmer
803 3176 879 3245 846).
931 3238 933 3243 y

124 3269 150 3329 2)
185 3268 317 3329 Hincmar,
338 3271 398 3318 864.
490 3268 514 3328 3)
550 3268 678 3318 Erchanb.
698 3269 794 3318 contin.
813 3268 827 3316 l.
846 3267 862 3316 l.

125 3357 149 3417 4)
185 3356 283 3405 Adonis
303 3357 463 3406 continuatio
483 3356 508 3416 1,
531 3356 653 3404 Francor.
672 3369 763 3418 regum
782 3355 889 3403 historia
908 3354 997 3416 (Pertz
1017 3356 1060 3404 SS.

51 3445 81 3504 ll,
102 3439 178 3507 325),
197 3442 328 3494 Erchanb.
346 3446 451 3506 contin,
470 3444 593 3493 Hincmar
611 3447 661 3492 865
682 3442 869 3503 „Hludcwicus
886 3443 1060 3493 Carlomanuo

49 3545 164 3594 marcas,
184 3545 250 3595 quus
270 3531 303 3581 ab
321 3545 354 3580 eo
373 3533 480 3591 tulerat,
500 3532 640 3581 reddidit'‘.

122 3620 148 3680 t)
186 3621 213 3668 ln
240 3620 336 3669 chartis
360 3620 510 3683 Bereugarii
535 3620 669 3668 Odelricus
696 3619 813 3668 marchio
841 3622 967 3680 vocatur,
996 3620 1060 3668 dnm

49 3707 211 3758 Waltlredus
236 3711 263 3758 et
281 3709 427 3758 Grimaldus
451 3722 557 3758 marcae
576 3705 745 3767 Forojulieusi
770 3710 897 3768 praesunt
915 3705 1060 3769 (Boehmer

51 3799 229 3861 1345,1354,
251 3800 327 3857 1358,
350 3800 426 3857 1343,
448 3793 541 3856 1368).
584 3795 768 3856 Panegyristes
792 3795 939 3859 Berengarii
967 3794 1008 3857 (L.
1028 3792 1058 3856 ll,

50 3897 77 3936 v.
97 3883 145 3948 99)
170 3885 204 3936 de
229 3898 262 3936 eo
287 3884 390 3935 scribit:
421 3884 589 3947 „vicinoque
609 3895 672 3932 suas
692 3894 791 3945 cogens
811 3883 844 3933 ab
862 3885 940 3934 limite
959 3888 1060 3934 turmas

50 3973 165 4035 olricus,
184 3973 284 4023 Latium
303 3973 437 4022 Hadriacis
456 3985 508 4034 qua
527 3971 656 4020 clauditur
675 3971 766 4032 undis,
786 3973 822 4022 hc
841 3973 914 4022 labor
933 3977 975 4023 est
994 3985 1061 4022 sue-

49 4062 92 4111 vis
121 4061 220 4125 gladios
249 4061 425 4125 praetendere
451 4060 576 4120 hbarts”;
607 4071 675 4122 quae
699 4060 783 4112 verba
807 4074 868 4112 oum
891 4061 981 4111 istriae
1010 4062 1060 4110 situ

50 4151 149 4212 optimc
168 4151 339 4199 conveniunt.

124 4239 150 4299 8)
188 4238 285 4301 Regino
306 4234 539 4302 erchanfrid.
563 4239 623 4287 876.
