2796 4958
809 622 864 694 *38

335 797 519 866 parisiensis
555 808 588 864 et
617 796 900 864 antissioderensis
931 810 964 865 et
992 795 1094 865 abbas
1124 798 1168 866 St.
1193 798 1346 866 Germani

335 903 618 971 Autissiodorensis
641 909 669 980 ¹)
693 923 766 968 eum
779 902 941 982 Adeieide,
967 924 1080 970 sorore
1097 903 1345 993 Ermengerdae,

337 1010 443 1076 uxoris
468 1009 635 1087 Lethariii‚
659 1029 700 1075 ex
722 1009 919 1080 nobiiissimo
943 1030 1062 1097 genere
1087 1024 1156 1078 orta
1174 1010 1210 1096 ¹),
1236 1010 1345 1098 Hugo·

336 1136 410 1182 nem
434 1126 466 1180 et
489 1114 670 1183 Conradum
700 1117 817 1203 genuit.
863 1116 1021 1192 Nonnulli,
1050 1115 1150 1182 verba
1175 1116 1344 1196 Hincmari.

336 1223 389 1309 qni
413 1223 580 1307 Hugonem
610 1221 693 1287 iilum
724 1221 820 1287 fitium
852 1232 1043 1288 materterae
1071 1221 1208 1287 Letharii
1236 1232 1341 1298 vocat

335 1348 398 1394 non
423 1339 511 1393 reete
536 1327 746 1415 interpretati,
775 1327 960 1398 adelaidem
991 1327 1085 1395 filiam
1108 1326 1272 1394 Ludnwici
1297 1327 1340 1392 Pii

335 1445 366 1499 et
388 1431 534 1499 tudithae
558 1434 655 1500 tuisse
677 1434 949 1510 existimaverunt;
978 1453 1064 1523 quae
1088 1432 1195 1522 opinio
1219 1453 1340 1520 genea-

333 1539 424 1627 logiis
455 1539 605 1604 comitum
636 1540 801 1607 Flendriae
819 1547 850 1620 ⁸)
887 1539 1005 1607 affatim
1035 1537 1250 1627 redarguitur.
1286 1539 1339 1627 qui

333 1645 562 1733 imperatorem
596 1665 635 1711 ex
665 1644 789 1711 Juditha
823 1645 925 1712 solum
956 1644 1102 1712 Carolum
1136 1654 1170 1712 et
1198 1643 1339 1712 Giselam

333 1749 498 1816 sustulisse
528 1771 587 1816 nos
620 1749 760 1817 edocent
817 1752 907 1838 Hugo
935 1751 966 1816 in
998 1760 1082 1815 tanta
1113 1748 1200 1835 apud
1226 1769 1339 1837 regem

333 1866 402 1921 erat
431 1855 588 1941 potentia,
622 1868 654 1921 nt
684 1857 823 1944 quinque
851 1856 964 1922 saltem
994 1853 1129 1920 abbatiis
1155 1856 1338 1940 praefectus

333 1961 428 2028 etiam
453 1960 634 2027 comitatum
653 1963 840 2029 Turonioum
864 1974 898 2027 et
920 1981 1060 2027 marcam
1074 1959 1338 2026 Andecavensem

329 2065 526 2155 gubernaret
543 2068 579 2153 ⁴),
604 2066 769 2134 Comedus
791 2089 877 2146 vero,
908 2087 1003 2154 quem
1031 2078 1104 2132 ante
1132 2087 1249 2131 annum
1271 2064 1338 2132 877

332 2171 452 2241 obiisse
477 2172 646 2238 Wenekius
671 2172 953 2258 demonstrativi,
977 2183 1100 2258 patrem
1125 2172 1154 2237 in
1185 2173 1337 2240 comitatu

332 2276 596 2346 autissioderensi
619 2289 651 2343 et
674 2279 840 2344 Parisiensi
858 2274 1059 2356 subsecutus,
1082 2288 1197 2364 postea
1215 2276 1258 2344 ob
1272 2289 1337 2344 stu-

332 2384 417 2450 dium
441 2382 576 2449 Lotharii
600 2393 740 2449 remotus
765 2394 814 2449 est
835 2384 862 2468 ⁸)
885 2394 918 2448 et
945 2395 1019 2470 post
1041 2382 1208 2460 Hucberti,
1238 2403 1336 2470 quem

330 2509 413 2556 anno
437 2487 504 2554 866
529 2487 647 2554 oceidit
666 2491 701 2574 ²),
726 2488 960 2556 damnationem
984 2510 1126 2558 maroam
1154 2509 1212 2555 seu
1237 2487 1336 2557 duea-

328 2631 528 2644 ——q

329 2710 418 2764 Labbe
437 2725 508 2761 nova
520 2711 679 2764 bibliothece
693 2714 895 2776 manuscriptos.
913 2714 932 2774 1,
944 2712 1007 2776 555)
1030 2713 1187 2764 chonradus
1206 2712 1335 2775 princeps

329 2801 537 2862 famosissimus,
564 2803 663 2867 collega
681 2815 788 2866 regum,
814 2804 841 2850 et
857 2802 926 2852 inter
948 2803 1074 2864 primates
1096 2802 1195 2852 aulicos
1214 2802 1336 2864 apprime

326 2891 449 2957 inclytus.

400 2978 427 3037 t)
461 2976 507 3030 eir.
534 2978 642 3031 histoire
663 2978 696 3027 de
723 2975 874 3034 t'academie
902 2977 951 3026 des
979 2977 1162 3039 inscriptions,
1194 2975 1266 3030 Tem.
1294 2979 1335 3027 55.

326 3079 352 3132 p.
373 3067 432 3127 ttr,
453 3067 510 3116 tte.

280 3161 282 3163 ·
399 3152 425 3213 a)
460 3151 589 3202 Henricus
612 3153 627 3204 t.
646 3153 660 3203 t.
689 3153 843 3214 „Hiucman
864 3166 886 3203 a.
908 3154 958 3201 titt
986 3151 1194 3217 „episcopatum
1218 3163 1233 3201 a
1256 3153 1335 3202 Gan*

326 3237 410 3290 theria
428 3238 566 3290 Letharius
585 3239 625 3301 (tt)
646 3241 708 3303 tulit,
727 3243 756 3291 et
776 3253 826 3291 suo
844 3239 1067 3291 tuntumeonsitio
1078 3238 1189 3302 Eugeni¹
1206 3238 1333 3302 conradi,

324 3327 411 3377 Caroli
431 3327 500 3390 regis
520 3327 651 3386 avunculi.
677 3330 703 3378 et
721 3331 879 3380 materterae
902 3340 968 3378 snae
993 3325 1045 3377 titio
1070 3325 1211 3379 donavit⁸‘.
1249 3328 1334 3378 Mater

324 3416 436 3468 lothan
455 3415 476 3464 il
493 3415 687 3480 Ermengardu,
712 3416 762 3466 filia
790 3416 837 3467 tuit
855 3416 972 3480 Hugonis
991 3414 1095 3468 comitis
1123 3414 1248 3466 Einhardi
1271 3429 1333 3470 ann.

325 3517 348 3554 a.
368 3506 428 3565 tit,
448 3503 587 3567 theganus
606 3516 630 3554 n.
653 3507 694 3553 28.
713 3504 728 3554 t.
746 3504 761 3554 Ι.

397 3591 421 3649 a)
457 3590 532 3640 Pertz
557 3592 600 3640 ss.
619 3589 657 3650 ΙΧ,
679 3594 729 3641 tot
757 3591 803 3642 cir.
827 3591 930 3640 Wenek
951 3590 992 3640 die
1016 3588 1158 3654 Erhebung
1181 3589 1286 3641 emulis
1307 3604 1332 3655 ρ,

324 3678 452 3742 55-55,
469 3676 514 3726 nbi
533 3677 591 3727 iuss
610 3678 643 3728 de
663 3678 703 3728 his
722 3679 804 3728 rebus
823 3678 969 3728 disseritur.
1083 3721 1085 3727 .

396 3759 421 3828 t)
457 3763 566 3815 histoire
585 3766 619 3815 de
637 3766 726 3816 l'aead.
747 3767 796 3816 des
812 3767 892 3815 inser.
911 3763 939 3815 T.
960 3767 1000 3814 55.
1020 3778 1047 3827 p.
1068 3768 1127 3816 tta.

397 3844 424 3914 5)
460 3852 571 3913 Wenelr,
592 3853 730 3902 hessisehe
749 3851 945 3916 Laudesgesch.
964 3851 993 3912 11,
1007 3854 1157 3903 tit-tta
1178 3854 1330 3903 testimonio

321 3937 407 3989 Herici
429 3940 525 4004 nititur,
547 3940 590 4003 qui
610 3940 634 4000 (t.
655 3940 669 3990 Ι.
690 3941 720 4001 tt,
741 3946 764 3991 5.
783 3955 809 4004 ρ.
829 3935 891 4005 555)
914 3941 975 3989 ante
995 3952 1093 3989 annum
1113 3943 1164 3989 stt
1185 3940 1219 3990 de
1240 3940 1330 3992 tiberis

323 4026 437 4076 conradi
459 4028 476 4088 1,
497 4029 573 4091 quasi
592 4023 627 4078 de
645 4030 755 4079 mortuis
776 4029 898 4092 loquitur.
918 4052 951 4064 -

394 4115 420 4175 5)
456 4115 516 4166 hist.
534 4116 568 4166 de
587 4115 677 4167 l’aeed.
697 4116 746 4167 des
766 4118 843 4166 inser.
862 4116 890 4166 T.
911 4120 952 4166 tt.
969 4128 995 4176 p,
1018 4119 1076 4165 tta.

394 4200 418 4261 7)
455 4196 519 4253 dnn.
536 4203 617 4266 Xant,
639 4207 689 4254 555
709 4199 797 4271 (Pertz
815 4203 861 4253 SS.
878 4203 911 4267 lt,
933 4202 1008 4262 2303
1036 4204 1097 4266 Reg.
1116 4208 1187 4268 sta,
1210 4204 1328 4262 Fuieuini
