<?xml version="1.0" encoding="UTF-8"?>
<!DOCTYPE html PUBLIC "-//W3C//DTD XHTML 1.0 Transitional//EN"
    "http://www.w3.org/TR/xhtml1/DTD/xhtml1-transitional.dtd">
<html xmlns="http://www.w3.org/1999/xhtml" xml:lang="en" lang="en">
 <head>
  <title>
</title>
<meta http-equiv="Content-Type" content="text/html;charset=utf-8" />
  <meta name='ocr-system' content='tesseract 3.04.00' />
  <meta name='ocr-capabilities' content='ocr_page ocr_carea ocr_par ocr_line ocrx_word'/>
</head>
<body>
  <div class='ocr_page' id='page_1' title='image "./dearnulfofranco00arnugoog_0090.png"; bbox 0 0 2796 4958; ppageno 0'>
   <div class='ocr_carea' id='block_1_1' title="bbox 668 650 717 717">
    <p class='ocr_par' dir='ltr' id='par_1_1' title="bbox 668 650 717 717">
     <span class='ocr_line' id='line_1_1' title="bbox 668 650 717 717; baseline 0.061 -3"><span class='ocrx_word' id='word_1_1' title='bbox 668 650 717 717; x_wconf 74' lang='grc'><strong>79</strong></span> 
     </span>
    </p>
   </div>
   <div class='ocr_carea' id='block_1_2' title="bbox 190 820 1274 3554">
    <p class='ocr_par' dir='ltr' id='par_1_2' title="bbox 190 820 1274 3554">
     <span class='ocr_line' id='line_1_2' title="bbox 191 820 1193 915; baseline 0.004 -31"><span class='ocrx_word' id='word_1_2' title='bbox 191 822 303 887; x_wconf 88' lang='lat' dir='ltr'><strong>istrum</strong></span> <span class='ocrx_word' id='word_1_3' title='bbox 329 823 411 888; x_wconf 87' lang='lat' dir='ltr'><strong>inter</strong></span> <span class='ocrx_word' id='word_1_4' title='bbox 441 823 585 909; x_wconf 80' lang='lat' dir='ltr'><strong>ngaros</strong></span> <span class='ocrx_word' id='word_1_5' title='bbox 612 822 814 915; x_wconf 84' lang='lat' dir='ltr'><strong>etGraeoos</strong></span> <span class='ocrx_word' id='word_1_6' title='bbox 845 820 989 907; x_wconf 78' lang='lat' dir='ltr'><strong>fugitivos</strong></span> <span class='ocrx_word' id='word_1_7' title='bbox 1020 821 1193 906; x_wconf 83' lang='lat' dir='ltr'><strong>Tboopbilo</strong></span> 
     </span>
     <span class='ocr_line' id='line_1_3' title="bbox 193 926 1193 1023; baseline 0.003 -32"><span class='ocrx_word' id='word_1_8' title='bbox 193 929 370 1013; x_wconf 81' lang='lat' dir='ltr'><strong>imperante</strong></span> <span class='ocrx_word' id='word_1_9' title='bbox 387 926 615 1023; x_wconf 66' lang='lat' dir='ltr'><strong>(aaa-842)</strong></span> <span class='ocrx_word' id='word_1_10' title='bbox 639 930 809 996; x_wconf 78' lang='lat' dir='ltr'><strong>c&#39;ornruissa</strong></span> <span class='ocrx_word' id='word_1_11' title='bbox 832 927 1008 996; x_wconf 87' lang='lat' dir='ltr'><strong>relerentes</strong></span> <span class='ocrx_word' id='word_1_12' title='bbox 1032 939 1193 1005; x_wconf 78' lang='lat' dir='ltr'><strong>testantur,</strong></span> 
     </span>
     <span class='ocr_line' id='line_1_4' title="bbox 192 1021 1231 1124; baseline 0.005 -28"><span class='ocrx_word' id='word_1_13' title='bbox 192 1030 382 1121; x_wconf 85' lang='lat' dir='ltr'>quibuscum</span> <span class='ocrx_word' id='word_1_14' title='bbox 410 1033 530 1119; x_wconf 84' lang='lat' dir='ltr'><strong>optime</strong></span> <span class='ocrx_word' id='word_1_15' title='bbox 552 1034 740 1102; x_wconf 88' lang='lat' dir='ltr'><strong>lliucrnarus</strong></span> <span class='ocrx_word' id='word_1_16' title='bbox 770 1033 942 1124; x_wconf 90' lang='lat' dir='ltr'><strong>consentit,</strong></span> <span class='ocrx_word' id='word_1_17' title='bbox 971 1055 1000 1099; x_wconf 86' lang='lat' dir='ltr'><strong>a.</strong></span> <span class='ocrx_word' id='word_1_18' title='bbox 1022 1031 1088 1100; x_wconf 77' lang='lat'><strong>862</strong></span> <span class='ocrx_word' id='word_1_19' title='bbox 1112 1033 1193 1101; x_wconf 85' lang='lat' dir='ltr'><strong>baec</strong></span> <span class='ocrx_word' id='word_1_20' title='bbox 1223 1021 1231 1039; x_wconf 57' lang='lat'>⁸</span> 
     </span>
     <span class='ocr_line' id='line_1_5' title="bbox 193 1137 1194 1228; baseline 0.007 -24"><span class='ocrx_word' id='word_1_21' title='bbox 193 1138 338 1206; x_wconf 89' lang='lat' dir='ltr'><strong>tradens:</strong></span> <span class='ocrx_word' id='word_1_22' title='bbox 361 1189 377 1217; x_wconf 82' lang='lat'><strong>‚,</strong></span> <span class='ocrx_word' id='word_1_23' title='bbox 387 1137 495 1205; x_wconf 88' lang='lat' dir='ltr'><strong>hostes</strong></span> <span class='ocrx_word' id='word_1_24' title='bbox 520 1152 615 1207; x_wconf 87' lang='lat' dir='ltr'><strong>antea</strong></span> <span class='ocrx_word' id='word_1_25' title='bbox 636 1141 693 1207; x_wconf 91' lang='lat' dir='ltr'><strong>illis</strong></span> <span class='ocrx_word' id='word_1_26' title='bbox 715 1139 842 1228; x_wconf 90' lang='lat' dir='ltr'><strong>populis</strong></span> <span class='ocrx_word' id='word_1_27' title='bbox 865 1139 1028 1225; x_wconf 78' lang='lat' dir='ltr'><strong>inexperti,</strong></span> <span class='ocrx_word' id='word_1_28' title='bbox 1057 1140 1110 1227; x_wconf 91' lang='lat' dir='ltr'><strong>qul</strong></span> <span class='ocrx_word' id='word_1_29' title='bbox 1134 1141 1194 1211; x_wconf 86' lang='lat' dir='ltr'><strong>Uo.-</strong></span> 
     </span>
     <span class='ocr_line' id='line_1_6' title="bbox 193 1246 1193 1333; baseline 0.006 -25"><span class='ocrx_word' id='word_1_30' title='bbox 193 1246 239 1330; x_wconf 78' lang='lat' dir='ltr'><strong>gri</strong></span> <span class='ocrx_word' id='word_1_31' title='bbox 275 1255 428 1311; x_wconf 87' lang='lat' dir='ltr'><strong>vocantur</strong></span> <span class='ocrx_word' id='word_1_32' title='bbox 461 1265 595 1333; x_wconf 83' lang='lat' dir='ltr'><strong>regnum</strong></span> <span class='ocrx_word' id='word_1_33' title='bbox 625 1247 809 1326; x_wconf 79' lang='lat' dir='ltr'><strong>(ludovici)</strong></span> <span class='ocrx_word' id='word_1_34' title='bbox 844 1246 1062 1332; x_wconf 71' lang='lat' dir='ltr'><strong>populanturl,</strong></span> <span class='ocrx_word' id='word_1_35' title='bbox 1097 1267 1193 1333; x_wconf 86' lang='lat' dir='ltr'><strong>quam</strong></span> 
     </span>
     <span class='ocr_line' id='line_1_7' title="bbox 194 1350 1193 1419; baseline -0.002 0"><span class='ocrx_word' id='word_1_36' title='bbox 194 1350 331 1419; x_wconf 85' lang='lat' dir='ltr'><strong>candem</strong></span> <span class='ocrx_word' id='word_1_37' title='bbox 355 1372 422 1417; x_wconf 90' lang='lat' dir='ltr'><strong>rem</strong></span> <span class='ocrx_word' id='word_1_38' title='bbox 446 1352 603 1418; x_wconf 90' lang='lat' dir='ltr'><strong>annalium</strong></span> <span class='ocrx_word' id='word_1_39' title='bbox 616 1353 890 1419; x_wconf 83' lang='lat' dir='ltr'><strong>Alamannioorum</strong></span> <span class='ocrx_word' id='word_1_40' title='bbox 906 1351 1105 1416; x_wconf 88' lang='lat' dir='ltr'><strong>continuator</strong></span> <span class='ocrx_word' id='word_1_41' title='bbox 1116 1350 1193 1417; x_wconf 91' lang='lat' dir='ltr'><strong>San·</strong></span> 
     </span>
     <span class='ocr_line' id='line_1_8' title="bbox 190 1455 1195 1544; baseline -0.004 -18"><span class='ocrx_word' id='word_1_42' title='bbox 190 1456 342 1543; x_wconf 80' lang='lat' dir='ltr'><strong>¹gallensis</strong></span> <span class='ocrx_word' id='word_1_43' title='bbox 366 1477 392 1522; x_wconf 89' lang='lat' dir='ltr'><strong>a.</strong></span> <span class='ocrx_word' id='word_1_44' title='bbox 406 1456 473 1522; x_wconf 80' lang='lat'><strong>863</strong></span> <span class='ocrx_word' id='word_1_45' title='bbox 491 1457 632 1543; x_wconf 82' lang='lat' dir='ltr'><strong>assignat</strong></span> <span class='ocrx_word' id='word_1_46' title='bbox 651 1459 685 1544; x_wconf 89' lang='lat'><strong>¹).</strong></span> <span class='ocrx_word' id='word_1_47' title='bbox 732 1457 810 1524; x_wconf 90' lang='lat' dir='ltr'><strong>Cum</strong></span> <span class='ocrx_word' id='word_1_48' title='bbox 825 1464 987 1544; x_wconf 83' lang='lat' dir='ltr'><strong>perpauca</strong></span> <span class='ocrx_word' id='word_1_49' title='bbox 1008 1466 1040 1520; x_wconf 88' lang='lat' dir='ltr'><strong>et</strong></span> <span class='ocrx_word' id='word_1_50' title='bbox 1057 1455 1195 1522; x_wconf 89' lang='lat' dir='ltr'><strong>obscura</strong></span> 
     </span>
     <span class='ocr_line' id='line_1_9' title="bbox 193 1559 1196 1655; baseline 0.002 -29"><span class='ocrx_word' id='word_1_51' title='bbox 193 1563 270 1635; x_wconf 87' lang='lat' dir='ltr'><strong>siut,</strong></span> <span class='ocrx_word' id='word_1_52' title='bbox 303 1581 386 1648; x_wconf 91' lang='lat' dir='ltr'><strong>quae</strong></span> <span class='ocrx_word' id='word_1_53' title='bbox 411 1583 429 1626; x_wconf 91' lang='lat' dir='ltr'><strong>a</strong></span> <span class='ocrx_word' id='word_1_54' title='bbox 453 1561 661 1647; x_wconf 77' lang='lat' dir='ltr'><strong>scriptoribus</strong></span> <span class='ocrx_word' id='word_1_55' title='bbox 679 1574 717 1630; x_wconf 82' lang='lat' dir='ltr'><strong>et</strong></span> <span class='ocrx_word' id='word_1_56' title='bbox 740 1564 919 1655; x_wconf 80' lang='lat' dir='ltr'><strong>Byzantinis</strong></span> <span class='ocrx_word' id='word_1_57' title='bbox 950 1574 982 1627; x_wconf 88' lang='lat' dir='ltr'><strong>et</strong></span> <span class='ocrx_word' id='word_1_58' title='bbox 1011 1559 1196 1628; x_wconf 83' lang='lat' dir='ltr'><strong>occidenta-</strong></span> 
     </span>
     <span class='ocr_line' id='line_1_10' title="bbox 195 1664 1196 1762; baseline 0.009 -33"><span class='ocrx_word' id='word_1_59' title='bbox 195 1664 276 1731; x_wconf 87' lang='lat' dir='ltr'><strong>libus</strong></span> <span class='ocrx_word' id='word_1_60' title='bbox 301 1666 342 1730; x_wconf 90' lang='lat' dir='ltr'><strong>de</strong></span> <span class='ocrx_word' id='word_1_61' title='bbox 356 1667 544 1762; x_wconf 77' lang='lat' dir='ltr'><strong>Pannoniae¹</strong></span> <span class='ocrx_word' id='word_1_62' title='bbox 557 1668 656 1754; x_wconf 91' lang='lat' dir='ltr'><strong>ipsius</strong></span> <span class='ocrx_word' id='word_1_63' title='bbox 671 1668 904 1755; x_wconf 77' lang='lat' dir='ltr'><strong>expugnatione</strong></span> <span class='ocrx_word' id='word_1_64' title='bbox 924 1666 1098 1733; x_wconf 85' lang='lat' dir='ltr'><strong>memoriae</strong></span> <span class='ocrx_word' id='word_1_65' title='bbox 1121 1688 1196 1753; x_wconf 51' lang='lat' dir='ltr'><strong>pros</strong></span> 
     </span>
     <span class='ocr_line' id='line_1_11' title="bbox 196 1769 1197 1864; baseline 0.003 -29"><span class='ocrx_word' id='word_1_66' title='bbox 196 1772 325 1862; x_wconf 90' lang='lat' dir='ltr'><strong>dantur,</strong></span> <span class='ocrx_word' id='word_1_67' title='bbox 355 1769 471 1857; x_wconf 86' lang='lat' dir='ltr'><strong>magno</strong></span> <span class='ocrx_word' id='word_1_68' title='bbox 501 1771 650 1864; x_wconf 82' lang='lat' dir='ltr'><strong>historiae</strong></span> <span class='ocrx_word' id='word_1_69' title='bbox 674 1773 887 1841; x_wconf 89' lang='lat' dir='ltr'><strong>emolumento</strong></span> <span class='ocrx_word' id='word_1_70' title='bbox 912 1773 1085 1858; x_wconf 84' lang='lat' dir='ltr'><strong>contigisse</strong></span> <span class='ocrx_word' id='word_1_71' title='bbox 1107 1772 1197 1839; x_wconf 80' lang='lat' dir='ltr'><strong>vide-</strong></span> 
     </span>
     <span class='ocr_line' id='line_1_12' title="bbox 195 1875 1196 1967; baseline 0.006 -25"><span class='ocrx_word' id='word_1_72' title='bbox 195 1888 250 1953; x_wconf 84' lang='lat' dir='ltr'><strong>tur,</strong></span> <span class='ocrx_word' id='word_1_73' title='bbox 275 1887 308 1940; x_wconf 91' lang='lat' dir='ltr'><strong>ut</strong></span> <span class='ocrx_word' id='word_1_74' title='bbox 331 1875 372 1942; x_wconf 94' lang='lat' dir='ltr'><strong>ab</strong></span> <span class='ocrx_word' id='word_1_75' title='bbox 397 1887 529 1944; x_wconf 89' lang='lat' dir='ltr'><strong>auctore</strong></span> <span class='ocrx_word' id='word_1_76' title='bbox 552 1878 740 1957; x_wconf 88' lang='lat' dir='ltr'><strong>domestico,</strong></span> <span class='ocrx_word' id='word_1_77' title='bbox 764 1878 859 1947; x_wconf 81' lang='lat' dir='ltr'><strong>belae</strong></span> <span class='ocrx_word' id='word_1_78' title='bbox 873 1881 958 1967; x_wconf 76' lang='lat' dir='ltr'><strong>regis</strong></span> <span class='ocrx_word' id='word_1_79' title='bbox 972 1879 1096 1947; x_wconf 87' lang='lat' dir='ltr'><strong>notario</strong></span> <span class='ocrx_word' id='word_1_80' title='bbox 1119 1900 1196 1948; x_wconf 87' lang='lat' dir='ltr'><strong>auo·</strong></span> 
     </span>
     <span class='ocr_line' id='line_1_13' title="bbox 193 1981 1274 2072; baseline 0.008 -25"><span class='ocrx_word' id='word_1_81' title='bbox 193 2003 293 2072; x_wconf 81' lang='lat' dir='ltr'><strong>nymo</strong></span> <span class='ocrx_word' id='word_1_82' title='bbox 312 1981 338 2067; x_wconf 87' lang='lat'><strong>²)</strong></span> <span class='ocrx_word' id='word_1_83' title='bbox 362 1982 444 2048; x_wconf 88' lang='lat' dir='ltr'><strong>baec</strong></span> <span class='ocrx_word' id='word_1_84' title='bbox 467 2005 520 2050; x_wconf 89' lang='lat' dir='ltr'><strong>res</strong></span> <span class='ocrx_word' id='word_1_85' title='bbox 533 1983 602 2050; x_wconf 93' lang='lat' dir='ltr'><strong>luse</strong></span> <span class='ocrx_word' id='word_1_86' title='bbox 615 1986 792 2072; x_wconf 84' lang='lat' dir='ltr'><strong>explicatae</strong></span> <span class='ocrx_word' id='word_1_87' title='bbox 816 1987 884 2052; x_wconf 82' lang='lat' dir='ltr'><strong>sint.</strong></span> <span class='ocrx_word' id='word_1_88' title='bbox 926 1988 1068 2052; x_wconf 78' lang='lat' dir='ltr'><strong>Attamen</strong></span> <span class='ocrx_word' id='word_1_89' title='bbox 1093 1996 1196 2055; x_wconf 81' lang='lat' dir='ltr'><strong>utrum</strong></span> <span class='ocrx_word' id='word_1_90' title='bbox 1272 2005 1274 2009; x_wconf 80' lang='grc'>’</span> 
     </span>
     <span class='ocr_line' id='line_1_14' title="bbox 194 2088 1196 2176; baseline 0 -22"><span class='ocrx_word' id='word_1_91' title='bbox 194 2091 315 2156; x_wconf 85' lang='lat' dir='ltr'><strong>veritati</strong></span> <span class='ocrx_word' id='word_1_92' title='bbox 349 2089 449 2176; x_wconf 85' lang='lat' dir='ltr'><strong>magis</strong></span> <span class='ocrx_word' id='word_1_93' title='bbox 482 2089 635 2176; x_wconf 78' lang='lat' dir='ltr'><strong>profuerit</strong></span> <span class='ocrx_word' id='word_1_94' title='bbox 666 2113 707 2158; x_wconf 91' lang='lat' dir='ltr'><strong>an</strong></span> <span class='ocrx_word' id='word_1_95' title='bbox 742 2091 891 2168; x_wconf 75' lang='lat' dir='ltr'><strong>obfuerit,</strong></span> <span class='ocrx_word' id='word_1_96' title='bbox 931 2090 1024 2156; x_wconf 87' lang='lat' dir='ltr'><strong>valde</strong></span> <span class='ocrx_word' id='word_1_97' title='bbox 1059 2088 1196 2176; x_wconf 81' lang='lat' dir='ltr'><strong>ambigo.</strong></span> 
     </span>
     <span class='ocr_line' id='line_1_15' title="bbox 195 2185 1224 2282; baseline 0.001 -21"><span class='ocrx_word' id='word_1_98' title='bbox 195 2197 271 2261; x_wconf 86' lang='lat' dir='ltr'><strong>Vixit</strong></span> <span class='ocrx_word' id='word_1_99' title='bbox 294 2196 377 2262; x_wconf 88' lang='lat' dir='ltr'><strong>euim</strong></span> <span class='ocrx_word' id='word_1_100' title='bbox 401 2194 452 2262; x_wconf 90' lang='lat' dir='ltr'><strong>bio</strong></span> <span class='ocrx_word' id='word_1_101' title='bbox 475 2197 523 2262; x_wconf 88' lang='lat' dir='ltr'><strong>vir</strong></span> <span class='ocrx_word' id='word_1_102' title='bbox 544 2195 700 2264; x_wconf 82' lang='lat' dir='ltr'><strong>ducentos</strong></span> <span class='ocrx_word' id='word_1_103' title='bbox 713 2197 825 2264; x_wconf 90' lang='lat' dir='ltr'><strong>saltem</strong></span> <span class='ocrx_word' id='word_1_104' title='bbox 838 2217 939 2263; x_wconf 88' lang='lat' dir='ltr'><strong>annos</strong></span> <span class='ocrx_word' id='word_1_105' title='bbox 951 2208 1025 2282; x_wconf 89' lang='lat' dir='ltr'><strong>poet</strong></span> <span class='ocrx_word' id='word_1_106' title='bbox 1044 2217 1084 2262; x_wconf 88' lang='lat' dir='ltr'><strong>ea</strong></span> <span class='ocrx_word' id='word_1_107' title='bbox 1105 2194 1197 2273; x_wconf 71' lang='lat' dir='ltr'><strong>lactat,</strong></span> <span class='ocrx_word' id='word_1_108' title='bbox 1218 2185 1224 2194; x_wconf 74' lang='grc'><em>’</em></span> 
     </span>
     <span class='ocr_line' id='line_1_16' title="bbox 193 2300 1199 2391; baseline 0.001 -23"><span class='ocrx_word' id='word_1_109' title='bbox 193 2323 284 2390; x_wconf 84' lang='lat' dir='ltr'><strong>quae.</strong></span> <span class='ocrx_word' id='word_1_110' title='bbox 304 2302 443 2388; x_wconf 87' lang='lat' dir='ltr'><strong>inprimis</strong></span> <span class='ocrx_word' id='word_1_111' title='bbox 468 2300 626 2367; x_wconf 88' lang='lat' dir='ltr'><strong>narranda</strong></span> <span class='ocrx_word' id='word_1_112' title='bbox 649 2302 708 2369; x_wconf 90' lang='lat' dir='ltr'><strong>sibi</strong></span> <span class='ocrx_word' id='word_1_113' title='bbox 724 2303 891 2391; x_wconf 91' lang='lat' dir='ltr'><strong>proposuit</strong></span> <span class='ocrx_word' id='word_1_114' title='bbox 909 2308 948 2380; x_wconf 54' lang='grc' dir='ltr'><strong>θ)</strong></span> <span class='ocrx_word' id='word_1_115' title='bbox 973 2302 1117 2369; x_wconf 88' lang='lat' dir='ltr'><strong>versibus</strong></span> <span class='ocrx_word' id='word_1_116' title='bbox 1141 2323 1199 2389; x_wconf 93' lang='lat' dir='ltr'><strong>po·</strong></span> 
     </span>
     <span class='ocr_line' id='line_1_17' title="bbox 193 2407 1199 2496; baseline 0.001 -21"><span class='ocrx_word' id='word_1_117' title='bbox 193 2407 357 2495; x_wconf 87' lang='lat' dir='ltr'><strong>puleribus</strong></span> <span class='ocrx_word' id='word_1_118' title='bbox 377 2412 417 2484; x_wconf 80' lang='lat'><strong>⁴),</strong></span> <span class='ocrx_word' id='word_1_119' title='bbox 447 2407 610 2492; x_wconf 81' lang='lat' dir='ltr'><strong>Reginone</strong></span> <span class='ocrx_word' id='word_1_120' title='bbox 635 2408 768 2496; x_wconf 87' lang='lat' dir='ltr'><strong>ejusque</strong></span> <span class='ocrx_word' id='word_1_121' title='bbox 797 2409 1016 2476; x_wconf 87' lang='lat' dir='ltr'><strong>continuatore</strong></span> <span class='ocrx_word' id='word_1_122' title='bbox 1036 2411 1072 2492; x_wconf 77' lang='lat'><strong>⁵),</strong></span> <span class='ocrx_word' id='word_1_123' title='bbox 1102 2426 1199 2476; x_wconf 88' lang='lat' dir='ltr'><strong>anna·</strong></span> 
     </span>
     <span class='ocr_line' id='line_1_18' title="bbox 194 2512 1199 2607; baseline 0.003 -29"><span class='ocrx_word' id='word_1_124' title='bbox 194 2515 277 2581; x_wconf 92' lang='lat' dir='ltr'><strong>libus</strong></span> <span class='ocrx_word' id='word_1_125' title='bbox 300 2513 464 2599; x_wconf 80' lang='lat' dir='ltr'><strong>Ungaricis</strong></span> <span class='ocrx_word' id='word_1_126' title='bbox 494 2514 668 2605; x_wconf 88' lang='lat' dir='ltr'><strong>praecipue</strong></span> <span class='ocrx_word' id='word_1_127' title='bbox 691 2512 829 2582; x_wconf 84' lang='lat' dir='ltr'><strong>lontibus</strong></span> <span class='ocrx_word' id='word_1_128' title='bbox 849 2516 875 2601; x_wconf 82' lang='lat'><strong>⁸)</strong></span> <span class='ocrx_word' id='word_1_129' title='bbox 904 2536 988 2582; x_wconf 87' lang='lat' dir='ltr'><strong>usus.</strong></span> <span class='ocrx_word' id='word_1_130' title='bbox 1036 2515 1098 2580; x_wconf 87' lang='lat' dir='ltr'><strong>Etsi</strong></span> <span class='ocrx_word' id='word_1_131' title='bbox 1128 2535 1199 2607; x_wconf 67' lang='lat' dir='ltr'><strong>oar7</strong></span> 
     </span>
     <span class='ocr_line' id='line_1_19' title="bbox 194 2619 1198 2708; baseline 0.002 -24"><span class='ocrx_word' id='word_1_132' title='bbox 194 2623 279 2684; x_wconf 88' lang='lat' dir='ltr'><strong>mina</strong></span> <span class='ocrx_word' id='word_1_133' title='bbox 309 2620 339 2683; x_wconf 93' lang='lat' dir='ltr'><strong>in</strong></span> <span class='ocrx_word' id='word_1_134' title='bbox 370 2619 452 2704; x_wconf 80' lang='lat' dir='ltr'><strong>vulgi</strong></span> <span class='ocrx_word' id='word_1_135' title='bbox 488 2639 545 2684; x_wconf 88' lang='lat' dir='ltr'><strong>ore</strong></span> <span class='ocrx_word' id='word_1_136' title='bbox 577 2621 735 2687; x_wconf 88' lang='lat' dir='ltr'><strong>versantia</strong></span> <span class='ocrx_word' id='word_1_137' title='bbox 764 2641 829 2687; x_wconf 91' lang='lat' dir='ltr'><strong>nou</strong></span> <span class='ocrx_word' id='word_1_138' title='bbox 859 2619 1034 2688; x_wconf 90' lang='lat' dir='ltr'><strong>admodum</strong></span> <span class='ocrx_word' id='word_1_139' title='bbox 1064 2621 1198 2708; x_wconf 89' lang='lat' dir='ltr'><strong>copiosa</strong></span> 
     </span>
     <span class='ocr_line' id='line_1_20' title="bbox 195 2723 1199 2817; baseline 0.003 -24"><span class='ocrx_word' id='word_1_140' title='bbox 195 2725 293 2794; x_wconf 88' lang='lat' dir='ltr'><strong>luisse</strong></span> <span class='ocrx_word' id='word_1_141' title='bbox 323 2723 407 2809; x_wconf 90' lang='lat' dir='ltr'><strong>apud</strong></span> <span class='ocrx_word' id='word_1_142' title='bbox 423 2724 592 2817; x_wconf 65' lang='lat' dir='ltr'><strong>¹Ungaros,</strong></span> <span class='ocrx_word' id='word_1_143' title='bbox 621 2727 709 2793; x_wconf 86' lang='lat' dir='ltr'><strong>Keza</strong></span> <span class='ocrx_word' id='word_1_144' title='bbox 736 2737 769 2792; x_wconf 87' lang='lat' dir='ltr'><strong>et</strong></span> <span class='ocrx_word' id='word_1_145' title='bbox 795 2725 987 2794; x_wconf 87' lang='lat' dir='ltr'><strong>Thuroczius</strong></span> <span class='ocrx_word' id='word_1_146' title='bbox 1017 2725 1111 2812; x_wconf 89' lang='lat' dir='ltr'><strong>plane</strong></span> <span class='ocrx_word' id='word_1_147' title='bbox 1142 2725 1199 2796; x_wconf 62' lang='lat' dir='ltr'><strong>dee</strong></span> 
     </span>
     <span class='ocr_line' id='line_1_21' title="bbox 196 2829 1199 2921; baseline 0 -22"><span class='ocrx_word' id='word_1_148' title='bbox 196 2841 382 2907; x_wconf 84' lang='lat' dir='ltr'><strong>monstrant,</strong></span> <span class='ocrx_word' id='word_1_149' title='bbox 403 2829 573 2921; x_wconf 86' lang='lat' dir='ltr'><strong>pleraque,</strong></span> <span class='ocrx_word' id='word_1_150' title='bbox 604 2851 687 2919; x_wconf 90' lang='lat' dir='ltr'><strong>quae</strong></span> <span class='ocrx_word' id='word_1_151' title='bbox 711 2830 880 2918; x_wconf 83' lang='lat' dir='ltr'><strong>degentis</strong></span> <span class='ocrx_word' id='word_1_152' title='bbox 909 2851 989 2897; x_wconf 89' lang='lat' dir='ltr'><strong>suae</strong></span> <span class='ocrx_word' id='word_1_153' title='bbox 1008 2829 1199 2916; x_wconf 65' lang='lat' dir='ltr'><strong>,primordiis</strong></span> 
     </span>
     <span class='ocr_line' id='line_1_22' title="bbox 196 2934 1199 3022; baseline -0.001 -18"><span class='ocrx_word' id='word_1_154' title='bbox 196 2938 315 3014; x_wconf 85' lang='lat' dir='ltr'><strong>sciunt,</strong></span> <span class='ocrx_word' id='word_1_155' title='bbox 346 2956 386 3003; x_wconf 81' lang='lat' dir='ltr'><strong>ex</strong></span> <span class='ocrx_word' id='word_1_156' title='bbox 417 2935 618 3022; x_wconf 82' lang='lat' dir='ltr'><strong>poematibus</strong></span> <span class='ocrx_word' id='word_1_157' title='bbox 650 2936 847 3003; x_wconf 89' lang='lat' dir='ltr'><strong>Germanicis</strong></span> <span class='ocrx_word' id='word_1_158' title='bbox 878 2936 920 3004; x_wconf 90' lang='lat' dir='ltr'><strong>do</strong></span> <span class='ocrx_word' id='word_1_159' title='bbox 944 2935 1033 3003; x_wconf 82' lang='lat' dir='ltr'><strong>Attila</strong></span> <span class='ocrx_word' id='word_1_160' title='bbox 1063 2934 1199 3003; x_wconf 86' lang='lat' dir='ltr'><strong>conditis</strong></span> 
     </span>
     <span class='ocr_line' id='line_1_23' title="bbox 198 3041 1200 3132; baseline -0.001 -20"><span class='ocrx_word' id='word_1_161' title='bbox 198 3043 247 3111; x_wconf 85' lang='lat' dir='ltr'><strong>vol</strong></span> <span class='ocrx_word' id='word_1_162' title='bbox 271 3063 313 3111; x_wconf 81' lang='lat' dir='ltr'><strong>ex</strong></span> <span class='ocrx_word' id='word_1_163' title='bbox 335 3053 503 3109; x_wconf 85' lang='lat' dir='ltr'><strong>stemmate</strong></span> <span class='ocrx_word' id='word_1_164' title='bbox 522 3041 712 3132; x_wconf 88' lang='lat' dir='ltr'><strong>populorum</strong></span> <span class='ocrx_word' id='word_1_165' title='bbox 727 3042 866 3109; x_wconf 80' lang='lat' dir='ltr'><strong>Moesico</strong></span> <span class='ocrx_word' id='word_1_166' title='bbox 889 3042 1121 3131; x_wconf 87' lang='lat' dir='ltr'><strong>depromendo,</strong></span> <span class='ocrx_word' id='word_1_167' title='bbox 1145 3064 1200 3111; x_wconf 90' lang='lat' dir='ltr'><strong>au-</strong></span> 
     </span>
     <span class='ocr_line' id='line_1_24' title="bbox 197 3147 1191 3238; baseline -0.001 -21"><span class='ocrx_word' id='word_1_168' title='bbox 197 3149 287 3218; x_wconf 86' lang='lat' dir='ltr'><strong>uales</strong></span> <span class='ocrx_word' id='word_1_169' title='bbox 311 3158 417 3214; x_wconf 86' lang='lat' dir='ltr'><strong>autern</strong></span> <span class='ocrx_word' id='word_1_170' title='bbox 432 3147 586 3234; x_wconf 68' lang='lat' dir='ltr'><strong>Ungarici,</strong></span> <span class='ocrx_word' id='word_1_171' title='bbox 607 3148 680 3236; x_wconf 87' lang='lat' dir='ltr'><strong>quia</strong></span> <span class='ocrx_word' id='word_1_172' title='bbox 698 3170 761 3217; x_wconf 89' lang='lat' dir='ltr'><strong>unu</strong></span> <span class='ocrx_word' id='word_1_173' title='bbox 776 3161 850 3216; x_wconf 89' lang='lat' dir='ltr'><strong>ante</strong></span> <span class='ocrx_word' id='word_1_174' title='bbox 861 3149 1057 3238; x_wconf 90' lang='lat' dir='ltr'><strong>Stephanum</strong></span> <span class='ocrx_word' id='word_1_175' title='bbox 1081 3171 1191 3238; x_wconf 78' lang='lat' dir='ltr'><strong>regern</strong></span> 
     </span>
     <span class='ocr_line' id='line_1_25' title="bbox 197 3254 1201 3342; baseline -0.003 -19"><span class='ocrx_word' id='word_1_176' title='bbox 197 3277 238 3324; x_wconf 81' lang='lat' dir='ltr'><strong>ax</strong></span> <span class='ocrx_word' id='word_1_177' title='bbox 266 3254 356 3341; x_wconf 84' lang='lat' dir='ltr'><strong>cujus</strong></span> <span class='ocrx_word' id='word_1_178' title='bbox 381 3264 527 3340; x_wconf 89' lang='lat' dir='ltr'><strong>tempore</strong></span> <span class='ocrx_word' id='word_1_179' title='bbox 549 3254 763 3320; x_wconf 88' lang='lat' dir='ltr'><strong>vetustissimi</strong></span> <span class='ocrx_word' id='word_1_180' title='bbox 778 3255 820 3323; x_wconf 87' lang='lat' dir='ltr'><strong>ad</strong></span> <span class='ocrx_word' id='word_1_181' title='bbox 844 3278 903 3322; x_wconf 93' lang='lat' dir='ltr'><strong>nos</strong></span> <span class='ocrx_word' id='word_1_182' title='bbox 933 3268 1146 3342; x_wconf 85' lang='lat' dir='ltr'><strong>pervenerunt</strong></span> <span class='ocrx_word' id='word_1_183' title='bbox 1165 3256 1201 3340; x_wconf 82' lang='lat'><strong>⁷).</strong></span> 
     </span>
     <span class='ocr_line' id='line_1_26' title="bbox 196 3358 1200 3446; baseline -0.001 -18"><span class='ocrx_word' id='word_1_184' title='bbox 196 3381 256 3428; x_wconf 85' lang='lat' dir='ltr'><strong>eos</strong></span> <span class='ocrx_word' id='word_1_185' title='bbox 285 3358 381 3426; x_wconf 91' lang='lat' dir='ltr'><strong>scribi</strong></span> <span class='ocrx_word' id='word_1_186' title='bbox 412 3359 554 3446; x_wconf 90' lang='lat' dir='ltr'><strong>potuisse</strong></span> <span class='ocrx_word' id='word_1_187' title='bbox 586 3360 784 3444; x_wconf 80' lang='lat' dir='ltr'><strong>manifestum</strong></span> <span class='ocrx_word' id='word_1_188' title='bbox 813 3372 863 3425; x_wconf 86' lang='lat' dir='ltr'><strong>est</strong></span> <span class='ocrx_word' id='word_1_189' title='bbox 896 3381 1050 3427; x_wconf 87' lang='lat' dir='ltr'><strong>summam</strong></span> <span class='ocrx_word' id='word_1_190' title='bbox 1082 3370 1200 3427; x_wconf 85' lang='lat' dir='ltr'><strong>tantum</strong></span> 
     </span>
     <span class='ocr_line' id='line_1_27' title="bbox 195 3464 1201 3554; baseline -0.002 -20"><span class='ocrx_word' id='word_1_191' title='bbox 195 3487 304 3535; x_wconf 86' lang='lat' dir='ltr'><strong>rerum</strong></span> <span class='ocrx_word' id='word_1_192' title='bbox 328 3465 498 3551; x_wconf 83' lang='lat' dir='ltr'><strong>attingere,</strong></span> <span class='ocrx_word' id='word_1_193' title='bbox 523 3485 587 3532; x_wconf 93' lang='lat' dir='ltr'><strong>uon</strong></span> <span class='ocrx_word' id='word_1_194' title='bbox 611 3464 734 3552; x_wconf 81' lang='lat' dir='ltr'><strong>singula</strong></span> <span class='ocrx_word' id='word_1_195' title='bbox 757 3485 906 3554; x_wconf 86' lang='lat' dir='ltr'><strong>quaeque</strong></span> <span class='ocrx_word' id='word_1_196' title='bbox 930 3465 1001 3533; x_wconf 85' lang='lat' dir='ltr'><strong>iacti</strong></span> <span class='ocrx_word' id='word_1_197' title='bbox 1025 3465 1201 3553; x_wconf 83' lang='lat' dir='ltr'><strong>posteritati</strong></span> 
     </span>
    </p>
   </div>
   <div class='ocr_carea' id='block_1_3' title="bbox 163 3703 1201 4295">
    <p class='ocr_par' dir='ltr' id='par_1_3' title="bbox 198 3703 1201 3859">
     <span class='ocr_line' id='line_1_28' title="bbox 270 3703 1201 3770; baseline -0.002 -14"><span class='ocrx_word' id='word_1_198' title='bbox 270 3704 295 3770; x_wconf 84' lang='lat' dir='ltr'><strong>l)</strong></span> <span class='ocrx_word' id='word_1_199' title='bbox 330 3705 404 3754; x_wconf 78' lang='lat' dir='ltr'><strong>Perta</strong></span> <span class='ocrx_word' id='word_1_200' title='bbox 426 3706 472 3756; x_wconf 83' lang='lat' dir='ltr'><strong>SS.</strong></span> <span class='ocrx_word' id='word_1_201' title='bbox 490 3703 509 3766; x_wconf 89' lang='lat' dir='ltr'><strong>l,</strong></span> <span class='ocrx_word' id='word_1_202' title='bbox 530 3711 562 3755; x_wconf 80' lang='lat' dir='ltr'><strong>tto</strong></span> <span class='ocrx_word' id='word_1_203' title='bbox 591 3709 683 3767; x_wconf 84' lang='lat' dir='ltr'><strong>„Gens</strong></span> <span class='ocrx_word' id='word_1_204' title='bbox 706 3707 862 3756; x_wconf 83' lang='lat' dir='ltr'><strong>Hunnorum</strong></span> <span class='ocrx_word' id='word_1_205' title='bbox 887 3704 1081 3756; x_wconf 85' lang='lat' dir='ltr'><strong>christianitatis</strong></span> <span class='ocrx_word' id='word_1_206' title='bbox 1105 3717 1201 3755; x_wconf 89' lang='lat' dir='ltr'><strong>nornen</strong></span> 
     </span>
     <span class='ocr_line' id='line_1_29' title="bbox 198 3792 867 3859; baseline -0.004 -14"><span class='ocrx_word' id='word_1_207' title='bbox 198 3807 325 3859; x_wconf 80' lang='lat' dir='ltr'><strong>aggressa</strong></span> <span class='ocrx_word' id='word_1_208' title='bbox 344 3794 403 3842; x_wconf 82' lang='lat' dir='ltr'><strong>est&#39;&#39;</strong></span> <span class='ocrx_word' id='word_1_209' title='bbox 430 3793 465 3845; x_wconf 91' lang='lat' dir='ltr'><strong>ib.</strong></span> <span class='ocrx_word' id='word_1_210' title='bbox 485 3807 510 3855; x_wconf 94' lang='lat' dir='ltr'><strong>p.</strong></span> <span class='ocrx_word' id='word_1_211' title='bbox 532 3795 573 3841; x_wconf 81' lang='lat' dir='ltr'><strong>to.</strong></span> <span class='ocrx_word' id='word_1_212' title='bbox 594 3795 658 3842; x_wconf 83' lang='lat' dir='ltr'><strong>Anu.</strong></span> <span class='ocrx_word' id='word_1_213' title='bbox 677 3794 786 3856; x_wconf 78' lang='lat' dir='ltr'><strong>sangall.</strong></span> <span class='ocrx_word' id='word_1_214' title='bbox 806 3792 867 3853; x_wconf 85' lang='lat' dir='ltr'><strong>maj.</strong></span> 
     </span>
    </p>

    <p class='ocr_par' dir='ltr' id='par_1_4' title="bbox 163 3881 1186 4295">
     <span class='ocr_line' id='line_1_30' title="bbox 271 3881 776 3943; baseline -0.008 -11"><span class='ocrx_word' id='word_1_215' title='bbox 271 3884 297 3943; x_wconf 71' lang='lat'><strong>2)</strong></span> <span class='ocrx_word' id='word_1_216' title='bbox 334 3881 376 3932; x_wconf 91' lang='lat' dir='ltr'><strong>ed.</strong></span> <span class='ocrx_word' id='word_1_217' title='bbox 394 3881 541 3941; x_wconf 85' lang='lat' dir='ltr'><strong>Endliclrer,</strong></span> <span class='ocrx_word' id='word_1_218' title='bbox 561 3881 676 3930; x_wconf 86' lang='lat' dir='ltr'><strong>Viennae</strong></span> <span class='ocrx_word' id='word_1_219' title='bbox 698 3883 776 3930; x_wconf 72' lang='lat'><strong>1827.</strong></span> 
     </span>
     <span class='ocr_line' id='line_1_31' title="bbox 163 3967 995 4032; baseline 0 -16"><span class='ocrx_word' id='word_1_220' title='bbox 163 3986 169 3993; x_wconf 93' lang='lat'>·</span> <span class='ocrx_word' id='word_1_221' title='bbox 271 3967 296 4028; x_wconf 81' lang='lat' dir='ltr'><strong>a)</strong></span> <span class='ocrx_word' id='word_1_222' title='bbox 332 3968 401 4032; x_wconf 77' lang='lat' dir='ltr'><strong>Selig</strong></span> <span class='ocrx_word' id='word_1_223' title='bbox 420 3968 511 4018; x_wconf 87' lang='lat' dir='ltr'><strong>Cassel</strong></span> <span class='ocrx_word' id='word_1_224' title='bbox 531 3980 646 4030; x_wconf 81' lang='lat' dir='ltr'><strong>magyar.</strong></span> <span class='ocrx_word' id='word_1_225' title='bbox 665 3967 819 4017; x_wconf 80' lang='lat' dir='ltr'><strong>Alterthiim.</strong></span> <span class='ocrx_word' id='word_1_226' title='bbox 837 3982 863 4031; x_wconf 93' lang='lat' dir='ltr'><strong>p.</strong></span> <span class='ocrx_word' id='word_1_227' title='bbox 885 3971 916 4018; x_wconf 80' lang='lat' dir='ltr'><strong>te</strong></span> <span class='ocrx_word' id='word_1_228' title='bbox 937 3981 995 4031; x_wconf 85' lang='lat' dir='ltr'><strong>sqq.</strong></span> 
     </span>
     <span class='ocr_line' id='line_1_32' title="bbox 259 4054 791 4119; baseline -0.004 -15"><span class='ocrx_word' id='word_1_229' title='bbox 259 4055 297 4112; x_wconf 78' lang='lat' dir='ltr'><strong>‚tl</strong></span> <span class='ocrx_word' id='word_1_230' title='bbox 333 4055 368 4107; x_wconf 88' lang='lat' dir='ltr'><strong>ib.</strong></span> <span class='ocrx_word' id='word_1_231' title='bbox 388 4069 415 4119; x_wconf 87' lang='lat' dir='ltr'><strong>p.</strong></span> <span class='ocrx_word' id='word_1_232' title='bbox 435 4059 475 4106; x_wconf 84' lang='lat' dir='ltr'><strong>to.</strong></span> <span class='ocrx_word' id='word_1_233' title='bbox 585 4056 609 4114; x_wconf 87' lang='grc'><strong>5)</strong></span> <span class='ocrx_word' id='word_1_234' title='bbox 645 4054 727 4116; x_wconf 87' lang='lat' dir='ltr'><strong>ib.p.</strong></span> <span class='ocrx_word' id='word_1_235' title='bbox 749 4057 791 4103; x_wconf 76' lang='lat' dir='ltr'><strong>at.</strong></span> 
     </span>
     <span class='ocr_line' id='line_1_33' title="bbox 271 4139 1186 4208; baseline -0.003 -14"><span class='ocrx_word' id='word_1_236' title='bbox 271 4139 297 4208; x_wconf 80' lang='lat' dir='ltr'><strong>t)</strong></span> <span class='ocrx_word' id='word_1_237' title='bbox 334 4145 466 4207; x_wconf 78' lang='lat' dir='ltr'><strong>Anonym.</strong></span> <span class='ocrx_word' id='word_1_238' title='bbox 485 4158 505 4192; x_wconf 88' lang='lat' dir='ltr'><strong>o.</strong></span> <span class='ocrx_word' id='word_1_239' title='bbox 527 4147 550 4190; x_wconf 81' lang='lat' dir='ltr'><strong>t.</strong></span> <span class='ocrx_word' id='word_1_240' title='bbox 574 4142 665 4203; x_wconf 84' lang='lat' dir='ltr'><strong>„sicut</strong></span> <span class='ocrx_word' id='word_1_241' title='bbox 682 4142 708 4190; x_wconf 92' lang='lat' dir='ltr'><strong>in</strong></span> <span class='ocrx_word' id='word_1_242' title='bbox 727 4142 866 4192; x_wconf 85' lang='lat' dir='ltr'><strong>annalibus</strong></span> <span class='ocrx_word' id='word_1_243' title='bbox 884 4144 1035 4192; x_wconf 87' lang='lat' dir='ltr'><strong>continetur</strong></span> <span class='ocrx_word' id='word_1_244' title='bbox 1053 4142 1186 4191; x_wconf 83' lang='lat' dir='ltr'><strong>cronicis&#39;&#39;.</strong></span> 
     </span>
     <span class='ocr_line' id='line_1_34' title="bbox 272 4228 1183 4295; baseline 0.001 -16"><span class='ocrx_word' id='word_1_245' title='bbox 272 4231 296 4292; x_wconf 83' lang='grc'><strong>7)</strong></span> <span class='ocrx_word' id='word_1_246' title='bbox 332 4232 432 4285; x_wconf 83' lang='lat' dir='ltr'><strong>Cbron.</strong></span> <span class='ocrx_word' id='word_1_247' title='bbox 449 4232 611 4281; x_wconf 83' lang='lat' dir='ltr'><strong>Posoniensc</strong></span> <span class='ocrx_word' id='word_1_248' title='bbox 631 4242 673 4292; x_wconf 89' lang='lat' dir='ltr'><strong>ap.</strong></span> <span class='ocrx_word' id='word_1_249' title='bbox 693 4228 832 4279; x_wconf 83' lang='lat' dir='ltr'><strong>Endlicber</strong></span> <span class='ocrx_word' id='word_1_250' title='bbox 851 4244 967 4282; x_wconf 87' lang='lat' dir='ltr'><strong>monum.</strong></span> <span class='ocrx_word' id='word_1_251' title='bbox 987 4229 1080 4295; x_wconf 79' lang='lat' dir='ltr'><strong>Unger.</strong></span> <span class='ocrx_word' id='word_1_252' title='bbox 1099 4243 1125 4291; x_wconf 83' lang='lat' dir='ltr'><strong>p.</strong></span> <span class='ocrx_word' id='word_1_253' title='bbox 1142 4233 1183 4280; x_wconf 82' lang='grc'><strong>55.</strong></span> 
     </span>
    </p>
   </div>
   <div class='ocr_carea' id='block_1_4' title="bbox 0 0 1412 4958">
    <p class='ocr_par' dir='ltr' id='par_1_5' title="bbox 0 0 1412 4958">
     <span class='ocr_line' id='line_1_35' title="bbox 0 0 1412 4958; baseline 0 0"><span class='ocrx_word' id='word_1_254' title='bbox 0 0 1412 4958; x_wconf 95' lang='lat' dir='ltr'><strong> </strong></span> 
     </span>
    </p>
   </div>
  </div>
 </body>
</html>
