2796 4958
782 638 857 704 lto

320 801 419 890 dictu,
457 824 558 879 utrum
587 811 670 877 haec
699 831 779 899 gens
809 811 979 901 aliquando
1010 812 1180 880 fortissima
1209 824 1325 881 contra

318 924 489 988 Turcarum
514 919 666 1005 impetum
695 916 843 1004 adjutrix,
873 918 966 985 nobis
989 919 1200 1006 periculosior
1222 920 1324 996 luerit,

321 1049 362 1094 an
388 1029 588 1092 lloravorum
613 1024 778 1110 imperium
802 1045 821 1090 a
845 1023 1046 1112 pontificibus
1068 1027 1216 1094 Romanis
1245 1026 1324 1113 ipsis

319 1135 416 1201 lotum
441 1143 536 1220 atque
560 1131 590 1196 in
613 1129 721 1196 medio
738 1131 872 1197 nationis
884 1130 1029 1198 Slavicae
1044 1131 1215 1212 conditum,
1239 1152 1323 1220 quae

319 1251 393 1305 tunc
418 1258 437 1303 a
460 1238 537 1302 mari
560 1236 699 1303 Suevico
729 1257 830 1324 usque
859 1238 899 1304 ad
924 1240 1111 1306 Taenarium
1136 1249 1324 1327 promonto-

321 1346 399 1411 rium
424 1343 573 1410 continuo
597 1340 768 1409 habitabat.
792 1377 835 1391 -

409 1452 547 1536 Tempus
566 1449 633 1535 jam
657 1446 750 1514 adest
773 1450 1057 1536 opuseulonostro‚
1081 1448 1327 1539 quomodocun-

322 1578 385 1647 que
410 1556 590 1623 conlectum
614 1563 677 1631 est,
700 1552 796 1620 finem
816 1556 999 1643 imponere,
1022 1557 1053 1622 ld
1075 1557 1167 1623 nohis
1190 1557 1326 1622 moleste

319 1661 506 1741 serentibus,
541 1659 628 1748 quod
662 1682 767 1727 rerum
802 1683 822 1728 a
851 1671 937 1728 tanto
967 1663 1035 1728 viro
1067 1673 1228 1750 gestarum
1259 1683 1324 1727 non

319 1770 467 1837 continua
490 1767 627 1833 narratio
650 1765 710 1833 sed
734 1766 833 1846 nuda,
864 1779 897 1834 ut
920 1768 962 1834 ita
986 1766 1100 1846 dicam,
1123 1788 1162 1834 ao
1184 1767 1324 1855 singula-

319 1876 365 1942 ria
389 1875 471 1941 lacta
493 1873 543 1939 vel
568 1874 661 1940 etiam
685 1873 817 1960 vestigia
841 1874 1005 1953 laetorum,
1028 1893 1235 1961 magnacum
1267 1873 1324 1938 dil-

320 1981 459 2048 ficultate
491 1978 722 2068 perscrutanda
752 1979 793 2045 ad
815 1993 962 2058 wnostram
993 1991 1208 2067 pervenerunt
1235 1990 1324 2046 aeta·

320 2099 395 2154 tom.
441 2087 529 2153 Licet
552 2085 668 2152 multae
691 2086 837 2173 prolecto
862 2087 939 2153 illius
961 2087 1115 2174 temporis
1138 2084 1270 2151 chartae
1294 2086 1323 2149 in

320 2194 443 2260 scriniis
474 2193 654 2259 etiamnunc
682 2192 801 2258 lateant
832 2205 928 2280 atque
956 2193 1021 2259 otio
1053 2193 1143 2280 quasi
1172 2191 1322 2269 truantur,

320 2298 434 2389 quibus
459 2297 627 2386 aliquando
650 2297 780 2364 feliciori
804 2299 869 2364 veri
893 2298 1107 2385 investigatori
1135 2298 1178 2363 uti
1206 2296 1322 2373 licebit,

319 2426 442 2482 summa
467 2415 572 2469 tamen
595 2424 701 2469 rerum
726 2402 840 2468 eadem
865 2404 931 2469 lere
955 2424 1086 2491 semper
1113 2402 1263 2479 manebit,
1292 2416 1323 2468 et

319 2511 445 2576 minime
475 2509 644 2576 curiositati
675 2520 804 2574 nostrae
833 2509 1018 2576 satisfacere
1055 2519 1167 2597 potest.
1219 2511 1322 2576 Nemo

319 2628 424 2683 autem
449 2615 520 2681 mihi
552 2614 793 2681 adolescentulo
822 2627 918 2703 atque
950 2616 979 2681 in
1011 2615 1143 2683 scientia
1172 2615 1322 2683 historica

318 2722 409 2789 tironi
430 2721 549 2788 crimini
573 2720 637 2799 det,
660 2720 747 2809 quod
769 2723 898 2810 saepius
920 2721 1056 2789 virorum
1081 2734 1114 2789 et
1136 2724 1324 2788 auctoritate

319 2841 350 2896 et
373 2829 519 2895 acumine
543 2827 659 2914 ingenii
683 2838 715 2893 et
739 2826 881 2894 doctrina
901 2849 1099 2916 magnopere
1121 2830 1322 2916 superiorum

320 2935 485 3021 opiniones
508 2932 705 3021 redarguere
728 2954 824 3000 ausus
847 2955 926 3009 sum,
951 2954 1024 2999 cum
1046 2955 1110 3000 non
1126 2937 1249 3001 animus
1273 2957 1323 3002 er·

318 3039 464 3125 rogantia
494 3036 617 3104 inflatus
648 3050 680 3105 et
708 3040 833 3104 vanitati
863 3040 1053 3119 inserviens,
1081 3061 1191 3106 verum
1224 3041 1323 3109 ardor

318 3143 463 3233 quidam,
496 3164 560 3231 quo
583 3143 624 3208 ad
649 3144 834 3211 altissimam
857 3145 940 3210 illarn
963 3149 1063 3212 Deam
1086 3146 1128 3213 ad
1152 3149 1322 3216 Veritatem

319 3256 419 3336 ipsam
443 3249 537 3315 unice
557 3248 754 3316 adorandam
779 3273 929 3339 -quae
954 3273 1084 3340 semper
1112 3254 1183 3320 mihi
1213 3257 1323 3343 propi·

318 3358 360 3423 tia
382 3356 438 3423 sitl
461 3393 506 3404 -
530 3354 665 3435 ferebar,
688 3355 728 3422 ad
753 3357 785 3423 id
809 3380 872 3425 non
897 3357 1001 3424 dicam
1025 3381 1077 3425 me
1092 3360 1251 3427 volentem
1276 3363 1322 3427 in-

318 3462 404 3535 duxit
432 3460 491 3528 sed
514 3462 675 3529 nolentem
698 3463 811 3550 coegit.
873 3463 921 3530 ab
944 3465 1029 3531 omni
1061 3477 1167 3532 autem
1191 3466 1233 3534 de
1256 3468 1323 3534 uni·

318 3588 412 3634 versa
445 3567 582 3644 ratione,
612 3587 675 3654 qua
706 3581 930 3636 antecessores
955 3571 1019 3636 mei
1048 3571 1139 3652 huJus
1167 3575 1323 3660 temporis

319 3695 372 3740 res
396 3672 502 3738 animo
534 3684 766 3759 conceperunt,
791 3673 913 3760 judicio
943 3675 1077 3743 lerendo
1107 3697 1146 3744 ex
1170 3677 1322 3745 industria

319 3801 370 3845 me
394 3776 538 3855 abstinui,
561 3775 592 3841 id
617 3777 714 3844 motlo
736 3799 845 3866 agens,
875 3791 909 3846 ut
938 3802 1065 3850 errores
1089 3803 1200 3849 eorum
1225 3785 1324 3851 corri-

319 3906 438 3972 gerem.
491 3885 603 3970 Neque
637 3883 723 3970 ipse,
765 3884 943 3973 philosophi
981 3888 1124 3974 partibus
1153 3891 1323 3977 susceptis,

318 3990 461 4079 quamvis
485 3989 576 4055 nimis
601 3988 775 4076 cupiditate
798 3989 975 4078 flagrarem,
1006 3992 1048 4058 de
1074 4015 1114 4060 eo
1139 3993 1324 4083 disceptare

317 4097 442 4173 tentavi,
465 4115 559 4181 quem
583 4094 689 4160 locum
710 4097 853 4163 Arnullus
878 4099 908 4163 in
930 4097 1060 4164 historia
1082 4100 1190 4186 populi
1215 4101 1323 4179 nostri,

318 4220 413 4288 quam
435 4199 571 4266 nonnulli
594 4198 678 4265 haud
702 4201 860 4270 immerito
892 4203 933 4269 ah
964 4225 1005 4271 eo
1030 4205 1125 4272 ordiri
1147 4205 1322 4286 voluerunt,
