2796 4958
670 659 720 728 ll

191 838 306 905 Amulii
327 839 352 925 ¹)
376 840 448 905 anni
462 834 531 904 880
552 839 581 904 in
604 839 673 904 vitia
690 838 816 924 Ottinga
832 834 1087 922 (AtcOettingeu)
1110 853 1195 901 mor*

191 955 263 1012 tuus
287 957 319 1011 et
348 946 491 1032 sepultus
520 956 569 1012 est
587 951 633 1023 ²),
663 942 834 1010 Ludowico
861 953 967 1009 autem
991 939 1193 1006 Ratisbouam

190 1051 343 1125 venienti,
375 1072 486 1118 omnes
515 1070 670 1140 proceres
692 1053 883 1116 Bavarorum
914 1068 953 1115 se
980 1044 1194 1133 subjecerunt,

191 1156 318 1224 Amulio
342 1178 380 1227 ea
404 1157 502 1225 modo
525 1157 701 1246 provincia,
730 1177 826 1244 quarn
856 1167 948 1242 pater
972 1155 1000 1220 ei
1023 1151 1194 1241 aliquando

192 1260 379 1341 tradiderat,
403 1284 569 1331 concessa.

278 1369 409 1436 Duobus
450 1372 540 1438 anuis
574 1380 667 1457 post,
702 1366 875 1434 Ludowioo
912 1365 1007 1432 vitam
1044 1377 1195 1452 ponente,

191 1471 322 1539 Carolus
358 1475 507 1553 Crassus
544 1475 677 1541 fitiorum
712 1471 873 1538 Ludowici
905 1470 1084 1538 Germanici
1112 1485 1195 1545 natu

190 1579 336 1644 minimus
361 1601 435 1647 eum
458 1581 688 1648 subsecuturus
705 1578 866 1644 Bavariam
890 1597 1003 1643 mense
1020 1578 1101 1664 Majo
1123 1581 1196 1646 euni

191 1682 258 1750 882
275 1683 358 1763 adiit,
381 1677 431 1752 cui
455 1687 535 1753 inter
558 1685 716 1774 primores
739 1704 777 1754 ex
801 1684 934 1770 imperio
956 1684 1058 1751 fratris
1081 1686 1130 1751 sui
1152 1684 1195 1767 ab

192 1808 232 1856 co
250 1804 408 1878 receptos,
434 1805 523 1860 certe
538 1791 681 1858 Arnuifus
699 1810 837 1878 quoque,
860 1790 891 1855 in
914 1789 1016 1877 „ligno
1037 1803 1107 1858 stoa
1123 1812 1195 1860 oru-

192 1899 259 1964 cis'‘
289 1911 322 1964 ut
352 1899 450 1965 fertur
468 1899 511 1984 ⁸),
541 1896 615 1963 fidei
641 1896 862 1983 jusjurandum
886 1894 974 1963 dedit
992 1898 1027 1984 ⁴).
1085 1900 1195 1968 Mense

189 2004 269 2070 tutio
305 2003 451 2092 ejusdem
488 2002 574 2077 enni,
611 2003 760 2068 contione
794 2003 939 2070 universa
972 2004 1195 2096 Borbetomagi

191 2109 314 2189 habita,
342 2111 515 2196 imperator
538 2128 611 2174 cum
635 2109 775 2175 exercitu
799 2100 837 2174 ex
861 2107 1008 2175 omnibus
1033 2113 1125 2197 regni
1147 2115 1195 2180 sui

190 2216 348 2305 pertibus
380 2214 475 2279 etiam
504 2233 544 2279 en
568 2214 651 2280 italia
680 2211 817 2280 conflato
848 2225 959 2280 contra
987 2216 1194 2296 Normannos,

191 2324 244 2412 qui
267 2321 423 2388 Asctobae
451 2318 494 2385 ad
517 2321 638 2386 Mosam
657 2317 683 2405 ⁸)
713 2331 817 2385 castra
847 2320 1057 2400 muniverant,
1088 2330 1197 2411 prote·

191 2442 270 2506 ctus
293 2428 364 2514 ipse
388 2425 429 2492 ad
453 2425 609 2491 sinistram
630 2423 729 2493 ereni¹
745 2424 846 2510 ripam
865 2425 924 2491 iter
940 2425 1022 2502 fecit,
1046 2428 1123 2496 dum
1140 2433 1197 2498 Ar-

190 2534 292 2600 nolius
315 2552 388 2599 cum
413 2533 548 2609 Bavaris,
571 2530 686 2619 quibus
709 2541 866 2617 praeerat,
888 2529 930 2597 ad
954 2530 1097 2601 dextram
1122 2557 1195 2625 pro·

191 2641 339 2728 graditur.
404 2638 463 2716 Qui
498 2637 671 2703 Antunnaci
709 2635 836 2702 flurium
871 2647 1088 2728 transgressus
1122 2661 1195 2710 cum

190 2746 336 2811 Heinrico
360 2746 551 2810 Francorum
577 2743 661 2810 duco
685 2744 879 2830 praemissus
909 2756 973 2824 est,
1003 2758 1036 2812 ut
1058 2745 1194 2814 hostium

191 2862 315 2938 partem
339 2849 458 2914 insidiis
480 2852 720 2936 interciperent,
750 2847 810 2914 sed
840 2850 897 2915 iliis
927 2870 986 2936 per
1014 2853 1195 2939 proditores

192 2956 363 3022 Francicus
385 2966 418 3019 ut
441 2954 602 3022 terebatur
624 2956 687 3022 hoc
708 2954 992 3043 comperientibus,
1022 2978 1058 3023 ro
1080 2958 1196 3028 insecta

193 3064 235 3130 ad
261 3081 371 3148 regem
395 3058 555 3128 redieruut
573 3062 608 3148 ⁸).
665 3063 908 3148 Quicum'por
930 3060 1000 3128 dios
1023 3061 1196 3133 duodecim

192 3171 299 3235 Danos
323 3167 353 3231 in
378 3168 549 3234 munitione
577 3166 774 3249 obsedisset,
802 3168 931 3238 taudem
956 3188 1029 3236 cum
1052 3169 1114 3248 eiS,
1142 3172 1195 3259 qui

188 3276 255 3361 jam
280 3275 309 3338 in
333 3293 458 3338 summo
482 3273 662 3341 discrimine
686 3275 904 3354 versabantur,
926 3288 1095 3362 receptum
1118 3277 1197 3344 intc-

262 3468 288 3528 1)
324 3470 410 3518 Mireei
430 3471 830 3534 operadtptomattua‚1,oso.
851 3469 999 3533 (Boehmer,
1022 3471 1108 3534 1888),
1144 3471 1197 3524 um

192 3557 342 3609 testimonio
361 3557 445 3618 maj0r
463 3558 530 3609 fides
548 3559 671 3610 habendo
690 3558 737 3618 sit,
759 3560 858 3609 nsscto.

264 3645 289 3706 8)
326 3645 458 3706 Excerpta
475 3647 623 3696 altahensis
643 3661 665 3696 a.
685 3650 744 3697 880.
763 3644 839 3707 (Perz
853 3643 903 3696 SS.
918 3647 957 3707 lV,
974 3645 1034 3709 88);
1054 3647 1197 3699 Hartman-

192 3748 243 3786 uus
263 3734 401 3797 augiensis
420 3745 443 3783 a.
463 3736 523 3794 88⁰,
543 3735 639 3797 Regino
659 3737 718 3784 880.
753 3735 873 3797 Diptoms
898 3735 1001 3785 Arnutfl.
1027 3732 1197 3788 Monumenta

191 3825 270 3875 Boica
288 3822 330 3883 111,
351 3824 401 3870 8118
426 3814 582 3881 (documen,
602 3818 697 3884 titt).

265 3910 290 3970 8)
326 3910 390 3957 Anu.
408 3907 479 3956 Fuld.
498 3907 560 3957 Pars
579 3908 620 3970 lv,
638 3923 661 3959 a.
680 3913 740 3960 887.

192 4059 195 4066 Ι
266 3997 291 4057 t)
327 3998 393 4046 Auo.
415 3995 486 4046 Futd.
506 4009 528 4046 e.
549 3999 609 4057 881,
627 3997 690 4048 Pars
710 3996 742 4048 [V
760 4000 787 4047 et
805 3997 868 4048 Pars
887 3997 917 4045 V.

264 4085 290 4145 8)
328 4084 368 4133 Ad
395 4083 561 4134 confluentes
583 4085 686 4136 Aschae
713 4089 740 4135 st
762 4087 854 4138 Mosae
880 4084 947 4136 intro
967 4084 1092 4138 Leodium
1119 4088 1198 4138 situur'

196 4175 253 4223 erat
271 4170 319 4222 ctu.
338 4171 412 4222 Pertz
435 4171 453 4232 1,
472 4186 498 4234 p.
520 4175 570 4222 898
593 4171 653 4222 adn.
675 4176 698 4222 1.

268 4258 295 4318 6)
330 4261 395 4309 Anu.
414 4258 485 4308 Futd.
507 4260 570 4309 Pars
589 4260 619 4323 V,
639 4273 662 4310 a.
681 4264 741 4311 888.
