2796 4958
797 660 873 725 m

330 854 435 926 peuce
463 843 551 909 sunt,
580 842 614 897 et
637 830 670 896 id
692 832 828 899 maxime
850 855 911 902 nos
940 834 1073 915 docent,
1103 857 1178 903 eum
1198 837 1338 925 pruden-

331 947 373 1011 tio
396 955 429 1009 et
457 937 626 1007 calliditate
656 958 729 1014 sua,
760 959 845 1027 quae
867 961 972 1029 neque
996 964 1015 1009 a
1038 943 1128 1009 malis
1151 943 1272 1010 eribus
1295 943 1337 1010 ad

331 1049 461 1119 consilia
485 1041 692 1132 exsequenda
710 1064 748 1111 se
772 1043 919 1113 abstinuit
938 1050 974 1134 ¹),
998 1049 1130 1116 inimicis
1151 1051 1222 1138 ejus
1241 1051 1339 1116 mexi-

331 1178 414 1224 mem
429 1173 560 1239 semper
582 1150 720 1217 movisse
742 1149 982 1221 admirationem
1001 1160 1034 1235 ²)
1054 1155 1194 1245 ideoque
1212 1179 1233 1224 n
1254 1157 1338 1224 Con·

330 1263 467 1332 stontino
504 1257 674 1344 ,uuunder
709 1263 765 1322 καὶ
795 1259 935 1347 φοβερὸς
968 1265 1015 1340 εἰς
1045 1262 1086 1329 τὰ
1117 1264 1338 1350 πλησιάζοντα

331 1369 420 1459 αὐτῷ
441 1366 544 1451 ἔθνη”
567 1363 663 1429 inisse
684 1364 815 1430 traditur
831 1369 871 1444 ⁸).
923 1369 1034 1457 Neque
1066 1371 1149 1436 enirn
1173 1384 1339 1438 contume-

330 1477 378 1544 liis
401 1475 484 1541 tides
507 1482 557 1539 est
579 1469 767 1557 adjicienda,
791 1493 875 1560 quae
898 1473 928 1540 iu
953 1497 1026 1540 oum
1049 1477 1186 1564 scriptor
1203 1474 1340 1542 Fulden-

290 1600 292 1606 ’
329 1586 383 1662 sis,
406 1582 530 1670 iniquus
553 1575 709 1663 dignitatis
730 1579 799 1665 ejus
818 1579 919 1666 judex
937 1581 965 1667 ⁴)
987 1581 1037 1647 vel
1058 1593 1170 1648 auctor
1191 1583 1277 1650 vitae
1293 1583 1338 1649 Sti

330 1687 501 1758 Clementis
520 1684 546 1770 ⁸)
569 1682 744 1749 vehemens
768 1697 801 1750 et
823 1687 936 1752 summi
960 1686 1025 1754 odii
1048 1686 1161 1775 plenus
1179 1688 1337 1776 jecerunt,

331 1817 403 1863 cum
428 1792 551 1880 utrique
582 1803 615 1856 ut
638 1789 758 1876 gloriae
781 1790 850 1877 ejus
873 1792 1103 1870 obtrectarent,
1136 1790 1336 1882 propositum

330 1911 425 1970 esset.
483 1897 583 1963 Mirari
613 1907 719 1962 tumen
742 1896 830 1975 lieet,
868 1899 956 1986 quod
978 1901 1137 1967 Mornviae
1168 1900 1248 1978 dux,
1282 1901 1335 1990 qui

328 2020 431 2078 tontes
454 2014 564 2073 contra
588 2004 727 2070 Francos
749 2016 940 2092 susceperat
968 1989 1171 2086 inimicitias(
1188 2007 1335 2075 homines

328 2135 369 2183 ex
403 2112 439 2178 iis
473 2109 626 2177 oriundos
658 2131 774 2197 magna
804 2111 968 2198 ampiexus
999 2126 1048 2179 est
1077 2114 1190 2201 gratia,
1223 2126 1335 2203 utpote

326 2221 379 2312 qui
410 2228 443 2286 et
472 2216 584 2282 milites
608 2217 815 2284 Germanicos
848 2217 1046 2285 conduceret
1066 2224 1096 2297 ⁶)
1121 2232 1162 2287 et
1189 2221 1335 2289 iohanne

327 2325 519 2418 presbytero
536 2324 708 2389 Venetinuo
729 2321 770 2388 ed
791 2344 906 2411 pacem
928 2345 1000 2390 cum
1021 2345 1099 2413 rege
1117 2338 1227 2393 nostro
1246 2346 1336 2394 com-

326 2431 510 2524 ponendum
530 2432 556 2516 τ)
595 2441 624 2495 et
664 2428 856 2516 legationem
897 2432 1071 2498 Romanam
1114 2432 1334 2502 administran-

327 2539 401 2606 dum
426 2538 452 2624 ⁸)
485 2546 625 2602 uteretur
655 2548 687 2601 et
712 2535 909 2623 Wichingum
932 2538 1137 2605 Alamannurn
1168 2553 1232 2606 tem
1263 2563 1335 2629 gra-

325 2648 441 2714 tiosum
471 2641 605 2708 heberet
627 2641 851 2721 consiliarium,
884 2654 918 2709 ut
947 2645 974 2710 is
998 2645 1146 2712 Methodii
1166 2646 1334 2714 Sluvorum

326 2748 460 2841 upostoli
490 2746 664 2836 discipulos
694 2749 894 2838 eosdemque
925 2770 963 2815 ox
992 2763 1084 2839 purte
1118 2773 1237 2841 magna
1264 2753 1333 2820 Siu-

323 2928 524 2942 ,ρ’-,-

397 3039 423 3100 1)
460 3034 625 3098 1111111111,
646 3038 704 3085 8711.
782 3037 807 3098 8)
843 3037 910 3101 Ros..
932 3040 991 3089 891.

395 3120 421 3192 8)
458 3125 549 3174 Const.
569 3121 602 3173 dc
621 3121 689 3172 edm.
706 3125 776 3188 imp„
795 3139 818 3175 c.
836 3125 877 3174 tr.

396 3205 420 3280 1)
458 3225 479 3264 s.
499 3225 522 3262 u.
547 3214 607 3272 881,
627 3211 831 3276 „Zuenttbutdus
854 3236 881 3248 -
903 3213 1011 3276 plenum
1032 3211 1084 3263 dott
1102 3215 1128 3263 et
1146 3215 1265 3265 ustuctue
1284 3227 1331 3266 cu·

323 3302 461 3364 rubrum''‚
482 3316 505 3351 u.
525 3304 576 3351 881
596 3299 623 3349 Ζ.
646 3302 764 3364 „vugtne
784 3303 868 3352 tocius
890 3300 1029 3364 perfidiae,
1050 3314 1111 3352 cum
1129 3313 1225 3351 omues
1242 3303 1328 3366 regio·

321 3404 370 3442 nee
390 3390 437 3442 sun
457 3389 549 3440 attineo
569 3387 630 3438 doto
649 3391 676 3439 et
689 3390 790 3440 astuoiu
807 3389 996 3452 perturbando,
1016 3379 1158 3440 humanum
1174 3392 1331 3455 sauguinem

320 3481 417 3532 utctenu
436 3478 592 3529 circumiret.
600 3477 611 3496 ’¹

394 3568 420 3629 t)
457 3566 498 3617 ed.
518 3565 650 3617 Mtotostoh
669 3579 694 3629 p.
716 3570 738 3616 ⁸.
757 3561 903 3631 „ismioni
925 3563 1097 3634 ἀνδράποδον
1114 3562 1221 3630 ἡδονῶν
1236 3585 1330 3636 γονον-

320 3657 401 3708 uriom
428 3653 467 3706 niv
493 3653 538 3705 uui
562 3651 597 3723 τῷ
619 3651 740 3722 βορβόρῳ
758 3653 810 3706 τῶν
826 3651 954 3725 μυσαρῶν
972 3651 1160 3725 ἓγκολιόμενος
1178 3651 1331 3728 πρόξεονν”;

321 3758 347 3808 p.
369 3748 408 3795 rt.
429 3735 550 3813 ,,1ἷνγᾶρ
567 3741 721 3794 παντάπασι
738 3740 843 3811 γνῶναί
859 3759 884 3794 τι
904 3740 955 3795 τοῖν
972 3739 1053 3794 θινῶν
1069 3743 1250 3807 titutionem,
1268 3740 1329 3815 ἅμα

318 3828 368 3896 μὲν
398 3827 433 3885 uic
459 3827 608 3898 ἂνηγμὲνος
633 3829 863 3904 βαρβαρικώτερον
892 3832 938 3884 καὶ
962 3827 1076 3890 οονόὶως
1097 3829 1176 3885 cinric
1198 3832 1329 3902 ἄλογόν·

317 3938 365 3986 ρον
383 3915 443 3988 ἅμα
462 3916 490 3970 δὲ
507 3918 553 3969 καὶ
571 3913 612 3970 τὸν
630 3917 693 3972 νοῦν
712 3916 760 3972 tut
783 3920 825 3984 τῆς
839 3916 942 3991 μιαρᾶς
957 3918 1049 3984 ἡδονῆς
1064 3923 1326 3990 eunomiumne?

318 4011 369 4058 ete.
443 4003 468 4070 11)
506 4007 538 4057 ib.
558 4022 583 4070 p.
606 4011 645 4058 19.
719 4009 746 4072 t)
782 4011 848 4060 Anu.
868 4011 947 4070 nutu,
965 4012 1024 4059 871.

392 4093 417 4160 8)
455 4096 535 4158 Epist.
564 4096 621 4146 ioh.
648 4097 700 4146 vru
720 4094 793 4164 (191)
823 4101 983 4160 ,,Ζυοο1ορ11
1013 4096 1046 4147 de
1071 4092 1215 4148 Muruvnu''
1245 4095 1275 4159 (1.
1305 4111 1329 4147 e.

317 4181 492 4245 Suntoutuco)
512 4184 637 4247 iuscripta
656 4186 772 4249 (Boczeir
793 4188 852 4238 cod.
873 4187 931 4251 dipl.
950 4183 1103 4247 11011111)
1122 4184 1170 4235 etr.
1190 4198 1253 4248 epp.
1266 4188 1326 4247 181,

320 4274 377 4322 rso.
397 4270 493 4330 tunust
512 4271 588 4334 xvir,
609 4277 668 4337 ret,
691 4272 766 4336 111).
