2796 4958
660 626 736 690 158

281 795 410 864 Amulio
442 797 564 863 interea
600 818 628 863 a.
657 796 724 865 897
760 798 993 885 Borbetomago
1025 798 1198 864 Tribunum

194 901 307 968 itinere
329 902 424 980 lacto,
447 914 638 969 conventum
663 903 704 969 ibi
729 905 935 992 congregavit
957 903 1139 991 generalem
1161 908 1199 979 ¹),

193 1006 270 1074 inde
283 1009 510 1075 monasterium
525 1009 684 1075 Fuldense
707 1011 818 1077 orandi
841 1011 940 1097 gratia
962 1011 1059 1097 petiit.
1094 1010 1199 1088 Quem

193 1112 223 1180 in
259 1125 351 1181 curte
379 1114 453 1181 Salz
484 1128 736 1182 commorantem
765 1117 860 1202 legati
894 1116 1090 1183 Soraborum
1125 1136 1199 1183 cunr

193 1220 380 1288 muneribus
412 1220 567 1287 odierant.
629 1222 716 1288 Haec
753 1225 836 1286 enirn
872 1242 951 1309 gens
985 1241 1003 1287 a
1039 1220 1200 1289 [odorico

193 1325 386 1395 Germanico
408 1327 436 1414 ¹)
466 1349 494 1394 a
522 1327 590 1394 869
619 1327 650 1393 in
681 1328 830 1394 ditionem
861 1327 992 1393 redacta
1021 1339 1053 1393 ot
1082 1346 1110 1394 u
1132 1326 1201 1393 878

191 1451 257 1498 unu
286 1451 361 1499 com
386 1432 525 1500 finitimis
554 1434 679 1521 populis
708 1432 751 1499 ab
779 1433 913 1519 imperio
942 1435 1133 1499 Francorum
1161 1451 1200 1499 su

190 1535 330 1605 liberare
357 1552 488 1616 conata,
519 1561 537 1604 a
565 1540 728 1606 liutberto
758 1538 1001 1626 archiepiscopo
1029 1537 1201 1626 llngnntin-

192 1644 282 1709 censi
297 1656 332 1710 et
346 1645 468 1712 llatollo
487 1644 570 1711 duce
589 1647 701 1711 iterum
723 1646 902 1732 perdomita
925 1647 953 1731 ⁸)
976 1658 1053 1712 erat.
1084 1647 1201 1713 Postea

191 1747 329 1816 fortasse
350 1751 547 1838 Suatopluco
576 1752 725 1818 tributum
755 1751 974 1839 persolventes
1005 1752 1043 1818 illi
1069 1771 1151 1819 nnnc
1180 1770 1200 1819 a

190 1855 393 1922 lloravorom
423 1857 585 1924 dominatu
617 1858 659 1924 ad
691 1859 874 1924 Franoioum
905 1859 1023 1925 reversi
1054 1878 1128 1925 essu
1156 1856 1202 1925 ri·

191 1959 317 2028 dentur.
372 1964 547 2049 lmperator
580 1965 740 2030 auctumni
772 1976 917 2050 tempore
948 1963 1149 2031 lintislronnrn
1170 1967 1202 2037 ⁴)

192 2087 355 2146 reversus,
373 2069 404 2134 in
422 2089 485 2156 qua
502 2062 584 2134 urbe
609 2068 682 2134 inde
705 2071 872 2135 maximam
890 2070 973 2135 ritno
989 2082 1110 2156 parturn
1126 2089 1203 2135 oxu·

193 2173 248 2259 git,
276 2173 402 2262 legatos
429 2174 638 2242 Bohemorum
663 2176 793 2261 recepit,
828 2175 881 2263 qui
906 2174 998 2241 donis
1024 2173 1202 2263 rnugnillris

194 2276 318 2357 oblatis,
341 2282 486 2348 auxilium
500 2294 610 2349 contra
630 2283 785 2356 MoravoS,
808 2301 828 2346 a
853 2281 968 2368 quilius
990 2292 1054 2346 lnrn
1078 2281 1203 2369 impug-

191 2384 258 2450 nati
279 2397 366 2463 sunt,
397 2390 619 2474 promiserunt.
662 2387 751 2464 Quos
775 2406 839 2463 rex,
864 2408 1011 2473 rnngnurn
1037 2388 1073 2453 iis
1096 2387 1204 2458 ltono·.

193 2510 263 2556 rem
287 2503 321 2557 et
343 2489 597 2559 benevolentiam
616 2492 766 2570 tribuens,
788 2493 972 2560 muneribus
995 2507 1028 2560 et
1051 2492 1200 2562 arllrnrtu·

195 2596 282 2662 tione
305 2596 484 2664 delectatos
513 2598 643 2665 domum
668 2598 783 2664 dimisit
813 2619 852 2664 ao
881 2611 1004 2674 „toturn
1029 2600 1107 2667 illins
1131 2600 1203 2666 unni

195 2712 324 2790 tempus
355 2705 535 2770 autumnale
565 2704 702 2770 finitimis
733 2705 762 2769 in
786 2704 866 2770 locis
888 2704 1116 2793 aquilonalibus
1140 2708 1202 2771 llu-

195 2808 281 2874 nubii
308 2809 492 2898 Ymbrisque
515 2810 647 2896 (Regen)
670 2809 805 2875 fluminis
830 2831 904 2875 seso
927 2809 1121 2885 sustentavit,
1143 2808 1205 2877 huo

196 2915 293 2980 etiam
325 2916 513 2995 intentione,
556 2928 588 2982 ut
625 2916 652 2980 si
680 2913 884 3001 supradictae
915 2916 999 3004 genti
1029 2917 1206 2983 necessitas

197 3021 298 3087 anxilii
319 3023 366 3088 sui
386 3023 571 3100 immineret,
598 3031 728 3108 paratus
753 3040 825 3087 cum
849 3023 913 3089 suis
937 3022 1083 3090 fidelibus
1107 3023 1207 3091 exsis-

196 3129 300 3196 teret”
324 3130 359 3214 ⁶).
385 3167 425 3181 -

286 3236 439 3324 Sequenti
463 3236 588 3302 enimn.
604 3231 671 3302 898
690 3234 771 3300 inter
791 3234 872 3301 duos
894 3235 1014 3313 iratres,
1039 3234 1090 3322 qui
1107 3253 1209 3319 regno

198 3342 361 3409 lloravico
391 3352 458 3408 tum
489 3352 669 3429 praeerant,
699 3341 858 3406 inimicitia
888 3352 950 3405 tarn
971 3339 1106 3405 violenta
1138 3358 1210 3403 sus·

199 3458 296 3536 cepta
327 3457 385 3525 est,
415 3459 448 3514 nt
472 3448 552 3514 alter
577 3446 704 3512 alterius
734 3447 816 3512 vitae
846 3444 983 3510 insidiari
1011 3441 1154 3527 studeret
1174 3443 1208 3530 ⁸).

200 3555 396 3642 Suatopluco
432 3575 525 3630 vero,
559 3555 611 3641 qui
648 3553 689 3618 ab
724 3551 850 3616 Arnullo
886 3550 1029 3616 auxilinm
1066 3550 1211 3637 petierat,

198 3662 386 3729 Liutboldus
409 3672 442 3725 et
464 3658 559 3725 Aribo
585 3659 784 3725 marchiones
808 3678 880 3723 cum
903 3657 1041 3722 exercitu
1059 3656 1212 3722 Bavarico

199 3769 346 3836 subsidio
370 3767 469 3841 missi,
502 3776 618 3830 terram
643 3765 706 3852 igni
729 3777 761 3830 et
784 3763 889 3851 gladio
919 3764 980 3830 late
1004 3771 1214 3828 vastaverunt.

200 3877 287 3942 Tunc
311 3897 368 3941 rex
391 3873 508 3940 certior
531 3871 642 3951 lactus,
665 3883 830 3939 auctorem
848 3869 1006 3935 fraternae
1029 3864 1212 3934 discordiae

205 3987 407 4003 —A——-—-—

275 4039 301 4110 l)
340 4045 406 4094 Ann.
426 4044 498 4094 Fuld.
520 4057 542 4093 a.
562 4045 622 4092 897.
707 4046 733 4107 2)
771 4038 921 4090 Anniuld.
942 4052 964 4088 a.
985 4041 1045 4088 869.

276 4128 302 4196 a)
338 4132 453 4182 mart.
538 4130 562 4190 t)
598 4129 712 4178 maer.
765 4124 769 4130 “
829 4154 834 4161 -

277 4217 307 4280 lt)
344 4219 574 4269 AnnFuldttu‘l.
648 4212 673 4279 6)
711 4215 849 4265 ibinus&
