2796 4958
208 814 279 880 niae
302 833 386 900 pars,
408 830 503 899 quam
521 808 744 875 Constantinus
765 829 836 876 eam
855 810 898 881 cb
917 832 1047 881 causam
1067 836 1222 904 magnam

207 920 378 987 bloraviam
402 918 427 1000 ¹)
462 925 572 992 vocat,
607 913 649 981 ab
684 935 768 982 anno
801 916 869 984 884
904 919 933 986 ei
967 919 1221 1010 obtemperaret,

206 1025 356 1094 Bohemia
386 1022 543 1089 affinitatis
566 1020 690 1088 vinculo
715 1031 748 1086 et
777 1021 912 1092 loedere
942 1023 1034 1094 firmo
1065 1028 1220 1116 copulata

206 1143 303 1209 esset,
327 1149 440 1196 omnes
464 1127 573 1214 populi
589 1125 704 1193 Slavici
727 1128 968 1219 blensehurgum
992 1153 1094 1222 usque
1117 1133 1220 1201 trihu·

204 1250 270 1305 tum
287 1238 330 1323 ²),
363 1234 451 1324 quod
475 1233 602 1315 Francis
625 1231 751 1299 solvere
773 1254 903 1325 semper
925 1238 1105 1319 noluerant,
1144 1243 1216 1327 regi

205 1366 246 1411 ex
276 1364 335 1410 sna
366 1343 493 1408 natione
523 1337 657 1406 oriundo
688 1338 769 1405 ultro
798 1341 926 1421 darent,
960 1344 1218 1413 Bclochrobatos·

204 1451 344 1538 denique
368 1446 408 1514 ad
432 1446 601 1533 Carpatum
625 1454 767 1511 montem
791 1447 970 1516 habitantes
994 1450 1024 1517 ei
1047 1449 1215 1538 subjectos

204 1557 318 1631 luisse,
346 1553 601 1622 verisimillimum
632 1563 720 1618 esset
742 1551 778 1638 ³).
835 1557 866 1621 lu
891 1556 1006 1644 quibus
1028 1557 1214 1644 regionibus

207 1661 311 1750 paullo
342 1668 416 1725 ante
440 1658 618 1725 Methodius
648 1669 681 1722 et
704 1658 928 1728 Constantinus
951 1662 1216 1730 Thessalonicen·

204 1789 259 1837 ses
280 1765 362 1833 lelici
382 1775 497 1830 eventu
521 1763 705 1850 religionem
725 1764 926 1834 christianam
950 1767 1120 1846 docendo,
1134 1769 1212 1837 dum

205 1875 306 1941 Slavis
332 1871 477 1960 proprias
500 1869 661 1935 inveniunt
682 1870 817 1948 litteras,
840 1873 964 1939 semina
985 1876 1076 1962 quasi
1099 1874 1212 1942 huma·

202 1979 306 2048 uitatis
329 1986 528 2064 sparserant,
558 1996 642 2063 quae
670 1997 734 2043 non
758 1998 777 2045 a
799 1980 928 2046 Francis
958 1980 1073 2048 tradita
1101 2003 1210 2070 neque

202 2107 275 2154 cum
299 2083 494 2150 decimarum
519 2082 686 2149 exactione
708 2084 893 2170 conjuncta,
924 2091 966 2154 ‘eo
989 2088 1091 2175 magis
1119 2100 1211 2156 erant

202 2201 338 2278 accepta
362 2208 401 2255 ac
432 2187 587 2254 fertiliora.
639 2189 759 2255 Summi
790 2190 958 2277 pontifices
983 2193 1041 2281 ipsi
1063 2195 1212 2262 lloravo-

200 2321 270 2368 rum
294 2295 399 2362 studio
423 2291 573 2359 libertatis
597 2295 771 2362 admodum
796 2297 919 2365 luerunt
943 2298 1097 2378 lautores,
1127 2322 1211 2389 quc-

200 2407 284 2472 niam
309 2412 341 2468 et
361 2399 522 2466 lohannes
537 2400 604 2466 lllll.
625 2400 783 2469 Methodio
805 2403 1116 2493 archiepiscopatum
1141 2408 1208 2475 blo·

199 2512 306 2581 raviae
340 2518 373 2572 et
400 2504 596 2583 Pannoniae,
631 2506 797 2596 hucusque
828 2528 901 2575 cum
929 2514 1098 2578 tavavensi
1128 2533 1208 2580 con·

196 2619 339 2706 junctum
373 2611 584 2678 committeret
603 2610 645 2695 ⁴),
682 2625 714 2680 et
746 2613 799 2681 hic
833 2627 929 2703 atque
959 2617 1138 2705 Stephanus
1162 2621 1206 2699 Vl,

199 2723 251 2811 qui
276 2721 345 2810 ejus
368 2719 552 2796 interventu,
574 2718 663 2805 regio
684 2719 772 2786 titulo
796 2720 825 2786 ei
845 2721 992 2810 imposito
1013 2724 1048 2810 ⁸),
1072 2725 1206 2794 Germa·

197 2862 398 2881 *un-¹-

270 2921 296 2982 tt
336 2919 473 2969 Constant.
501 2914 550 2979 (de
579 2918 647 2968 adm.
673 2921 734 2982 imp.
752 2933 777 2970 c.
799 2918 847 2983 tr)
876 2935 998 2988 magnam
1017 2923 1161 2974 bloravtam
1190 2938 1205 2974 a

197 3009 303 3074 syrmio
326 3007 424 3056 initium
445 3005 549 3067 cepisse
569 3004 642 3067 dicit,
668 3019 747 3071 quam
765 3007 820 3058 aliis
838 3008 902 3060 locis
923 3011 1074 3075 Suatopluci
1092 3024 1205 3076 regnum

195 3095 232 3164 (c.
245 3096 289 3158 ta)
312 3108 344 3145 ac
363 3091 456 3144 sedem
467 3093 629 3156 Ungarorum
649 3091 688 3155 (c.
702 3091 751 3156 ⁸8)
769 3097 888 3159 appellat.
915 3100 981 3149 cnm
1001 3102 1089 3149 antem
1111 3095 1144 3162 (c.
1158 3094 1204 3164 ta)

195 3185 337 3236 Moravtam
356 3185 441 3247 ipsam
463 3195 478 3232 a
496 3184 567 3231 terra
585 3182 653 3231 inter
664 3180 812 3233 Danubium
834 3190 860 3235 et
875 3186 974 3236 Savum
993 3189 1042 3237 sita
1060 3184 1203 3250 distingult,

195 3276 258 3340 quin
268 3273 335 3323 baec
346 3270 380 3322 ah
394 3282 426 3320 eo
438 3282 533 3334 magna
544 3270 662 3321 bloravla
676 3273 810 3322 nominata
822 3274 865 3336 sit,
878 3273 990 3324 dubitari
1003 3277 1046 3325 vix
1056 3277 1155 3339 potest.
1166 3299 1203 3311 -

265 3360 291 3419 t)
327 3359 464 3409 Tbietmar.
488 3357 586 3408 Chron.
610 3357 651 3421 Vl,
678 3361 710 3408 tt
740 3360 862 3420 „Boemii
886 3365 1012 3426 regnante
1038 3364 1202 3427 Zuetepulco

193 3448 263 3500 duce
282 3448 416 3513 quondam
435 3446 509 3497 tuero
527 3445 663 3508 principes
681 3448 774 3498 nostri.
805 3447 871 3500 Huic
891 3462 907 3499 a
925 3451 1024 3502 nostris
1044 3451 1201 3514 parenttbut

192 3539 333 3599 quotannis
353 3536 464 3588 solvitur
482 3543 590 3583 census.
611 3558 643 3569 -
743 3539 751 3547 “
1095 3522 1097 3526 ’

263 3621 288 3690 t)
325 3625 436 3688 Palacty
460 3621 553 3671 Gesch.
578 3634 603 3670 v.
626 3620 733 3670 Boehm.
759 3619 778 3686 l,
801 3626 859 3687 ttt,
889 3625 936 3676 cir.
962 3626 1076 3678 cosmae
1101 3626 1200 3677 chron.

190 3711 312 3764 Boemor.
329 3714 347 3776 l,
368 3716 400 3764 tt
425 3708 457 3772 (1.
474 3709 491 3761 l.
509 3721 536 3770 p.
556 3707 604 3769 tt)
623 3706 770 3770 (suatopt.)
795 3710 867 3773 „sibi
885 3726 939 3764 non
961 3714 1047 3765 solum
1065 3715 1200 3765 Boemiam

190 3813 283 3852 verum
302 3803 379 3853 etiam
398 3800 462 3849 altas
480 3798 602 3860 regiones
622 3796 682 3847 hinc
701 3810 786 3860 usque
805 3799 840 3849 ad
858 3799 968 3851 lluvium
984 3804 1078 3868 ogram
1092 3806 1119 3854 et
1137 3803 1198 3855 iude

189 3900 285 3943 versus
304 3889 442 3954 [luguriam
461 3897 547 3949 usque
569 3885 603 3933 ad
622 3884 721 3934 flumen
739 3886 808 3936 Gron
829 3887 1014 3953 subjugarat.“
1029 3915 1065 3927 -

267 3976 294 4040 t)
331 3976 378 4029 clr.
403 3976 436 4026 de
461 3974 502 4024 his
525 3972 646 4021 omnibus
671 3971 846 4026 Waltenbach
866 3977 942 4028 Beitr.
965 3991 1013 4029 zur
1031 3978 1125 4030 Gesch.
1149 3978 1198 4029 det·

187 4063 284 4114 christl.
301 4062 395 4116 Kircha
414 4065 440 4112 in
460 4059 585 4112 llaehren
604 4054 659 4110 und
679 4060 820 4112 Bcehmen.

258 4151 284 4212 tl
320 4151 401 4215 Epist
420 4150 478 4213 eius
498 4149 560 4199 data
578 4151 621 4197 ast
639 4148 835 4212 „zuentopolco
855 4153 909 4214 regi
922 4153 1091 4204 sclavorum'
1109 4148 1195 4219 (Wat-

185 4231 301 4287 tenbach
319 4239 403 4303 Bottr,
424 4238 474 4300 tt).
495 4260 528 4271 -
