2796 4958
84 869 156 912 nem
181 842 446 919 comederunt“l)
467 842 501 927 ¹),
523 839 590 909 897
621 842 686 918 „ita
718 852 751 906 ut
773 840 860 906 multi
883 837 988 905 inedia
1013 857 1089 904 con-

83 958 309 1018 sumerentur“
327 949 365 1035 ²).
411 950 567 1027 Quantam
590 949 652 1013 vim
684 947 765 1013 haec
789 949 937 1013 universa
960 957 1090 1032 egestas

84 1071 117 1126 et
140 1059 276 1134 miseria,
306 1058 336 1123 iu
361 1056 475 1144 quibus
498 1055 635 1122 maxime
658 1053 775 1141 plebeji
806 1053 951 1119 homines
981 1069 1090 1114 versa-

83 1166 207 1240 bantur,
231 1162 272 1230 ad
296 1164 379 1229 virus
400 1163 565 1249 ingenuos,
589 1160 643 1247 qui
667 1161 713 1225 sui
735 1159 814 1246 juris
830 1179 925 1246 agros
939 1155 1090 1222 colebant

84 1269 341 1355 (Gemeinlreieu)
367 1265 598 1333 imminuendos
621 1277 653 1331 et
676 1264 717 1330 ad
742 1263 891 1330 nobilium
916 1261 1089 1349 potentiam

83 1374 264 1462 augendam
286 1373 441 1453 habuerit,
471 1392 628 1459 nusquam
653 1371 728 1435 satis
753 1369 944 1455 explicatum
973 1367 1089 1453 reperi.

84 1481 231 1566 Episcopi
255 1480 354 1564 igitur,
380 1479 433 1566 qui
457 1475 644 1562 Maguntiaci
666 1484 897 1550 convenerant,
926 1471 967 1538 ad
997 1492 1091 1536 uuam

86 1591 200 1650 saltem
233 1605 341 1649 aarum
367 1583 579 1649 calamitatum
610 1600 739 1646 causam
768 1580 946 1647 remedium
973 1578 1093 1645 allaturi

83 1689 135 1754 vel
158 1689 263 1775 potius
286 1707 323 1753 se
338 1689 428 1774 ipsos
441 1708 580 1774 suasque
595 1685 820 1773 possessiones
844 1684 955 1761 luituri,
979 1697 1092 1750 contra

85 1815 151 1865 eos.
183 1793 236 1880 qui
259 1792 439 1859 latrocinari
464 1794 605 1881 aliasque
627 1813 682 1858 res
707 1791 861 1857 nefandas
892 1791 1092 1856 committere

84 1897 245 1975 solebant,
278 1897 412 1965 diversis
441 1898 618 1965 canonibus
647 1919 771 1986 poenas
802 1896 1090 1984 promulgaverunt,

84 2003 264 2069 edicentes:
288 2016 329 2084 ut,
353 2006 405 2093 qui
430 2006 641 2072 ecclesiarum
665 2005 714 2071 vel
738 2002 967 2070 coenobiorum
994 2002 1091 2068 lucul-

83 2122 165 2175 tates
189 2108 231 2174 ad
259 2109 458 2196 largitionem
487 2109 669 2197 delegatae,
700 2110 818 2174 iuratus
847 2111 886 2173 sit
917 2120 1093 2195 „tanquam

84 2224 218 2281 necator
242 2233 417 2300 pauperum
444 2250 482 2262 -
510 2215 552 2282 de
577 2215 737 2281 acclesiae
760 2213 917 2279 liminibus
942 2213 1093 2280 excluda-

84 2326 159 2386 tur“
183 2319 264 2404 (can.
288 2318 351 2404 vig
386 2320 439 2399 „si
463 2322 533 2408 quis
557 2320 675 2387 clerico
699 2321 836 2408 aliquam
868 2319 1010 2404 injuriam
1034 2339 1092 2384 seu

86 2425 275 2492 calumniam
298 2425 477 2511 ingesserit,
506 2447 526 2492 a
549 2426 706 2492 liminibus
729 2437 766 2492 st.
792 2426 951 2492 ecelesiae
981 2444 1093 2490 arcea-

87 2544 136 2597 tur
165 2550 267 2618 usque
298 2529 339 2594 ad
370 2529 561 2619 condignam
593 2532 866 2599 satisfactionem“
901 2538 985 2609 (can.
1014 2532 1091 2608 Vll);

85 2638 112 2702 si
135 2636 205 2724 quis
229 2635 386 2721 „praedia
410 2635 520 2702 usibus
543 2649 741 2703 secretorum
762 2636 948 2703 coelestium
969 2635 1092 2702 dicata“

86 2741 234 2807 invaserit
257 2751 438 2826 ‚‚perpetua
462 2740 630 2808 damnetur
653 2743 780 2808 infamia
804 2754 836 2808 et
857 2741 997 2807 inlemali
1022 2761 1093 2807 car·

86 2848 152 2913 ceri
181 2844 346 2910 tradatur“
380 2848 463 2923 (can.
488 2848 557 2925 xt);
592 2848 644 2925 „si
667 2848 738 2934 quis
768 2845 970 2912 sacerdotem
1002 2847 1095 2913 morti

86 2950 260 3016 voluntarie
286 2948 460 3028 tradiderit,
484 2970 613 3016 carnem
637 2973 700 3018 non
725 2951 876 3018 comedat
904 2971 965 3017 nec
988 2951 1094 3017 viuum

86 3056 201 3123 bibere
237 3065 419 3140 praesumat
453 3054 600 3121 omnibus
638 3055 753 3123 diebus
786 3059 869 3123 vitae
904 3067 1010 3123 suae‘·
1033 3069 1094 3124 etc.

86 3165 166 3249 (cau.
190 3162 280 3246 xv1);
305 3171 364 3238 „ut
388 3161 514 3226 decima
538 3162 666 3228 omnino
682 3164 752 3230 Deo
776 3162 843 3229 dari
867 3183 930 3230 non
954 3162 1096 3250 negliga-

87 3278 159 3335 tur“
183 3267 222 3353 (c.
245 3266 350 3345 xvtt);
375 3278 407 3330 ut
429 3267 629 3332 monasteriis
652 3289 762 3358 „quae
778 3268 903 3334 clericis
926 3288 983 3334 seu
1005 3267 1095 3332 laicis

85 3356 241 3440 beneficii
254 3373 328 3458 jure
352 3369 494 3436 donata‘·
517 3372 586 3449 sint,
612 3373 690 3439 tales
715 3374 941 3462 praeficiantur
964 3372 1095 3457 „provi-

87 3499 179 3547 sores
200 3513 243 3527 —
264 3476 317 3564 qui
342 3477 547 3542 commissam
563 3476 622 3542 sibi
636 3498 769 3564 gregem
790 3478 944 3544 canonice
966 3487 998 3541 et
1020 3495 1093 3542 cum

87 3604 205 3671 magua
222 3581 374 3667 religione
392 3581 596 3648 custodianu‘
621 3583 659 3668 (c.
673 3585 768 3669 XXV).
807 3584 984 3669 Praecipue
1000 3584 1094 3649 etiam

17 3747 19 3751 .
87 3688 222 3770 comites
253 3683 407 3751 adhortati
439 3698 527 3765 suut,
557 3698 591 3752 ut
619 3707 691 3753 cum
721 3690 887 3778 episcopis
918 3689 1097 3755 concorda·

88 3805 170 3872 rent,
194 3789 319 3858 nasibi
343 3788 408 3868 „ad
433 3790 484 3873 dei
508 3793 669 3858 servitium
691 3796 913 3884 peragendum
936 3806 968 3860 et
991 3795 1096 3859 minis-

90 3900 204 3968 terium
226 3917 318 3963 suum
344 3896 561 3983 explendum“
585 3912 749 3978 nocerent,
773 3903 848 3990 quin
871 3900 977 3988 potius
996 3900 1096 3965 admi·

83 4004 196 4074 'uiculo
220 4011 329 4070 essent
360 4008 403 4079 (c.
426 4003 536 4080 xxtv).
585 4004 759 4073 Concilium
789 4019 894 4073 tamen
926 4026 987 4070 uon
1012 4005 1095 4091 sugit,

165 4160 189 4232 1)
225 4167 293 4214 Anu.
309 4166 382 4226 Aug..
407 4166 457 4212 896
478 4162 560 4223 (Pertz
580 4162 625 4214 SS.
644 4163 665 4230 l,
684 4164 736 4223 68).

164 4237 191 4298 2)
227 4237 294 4287 Anu.
313 4234 392 4295 tutu,
412 4235 472 4284 aet.
491 4259 524 4270 -
