2796 4958
796 683 872 748 m

332 878 437 946 spera
461 853 618 922 siLeonis
636 854 787 941 legatum,
811 855 965 922 Lazarum
988 855 1190 943 episcorm,
1209 855 1261 945 qui
1281 855 1344 924 hnc

333 986 416 1030 anno
450 961 609 1028 Arnullum
648 959 839 1027 llatishonaa
881 959 993 1028 adiens
1030 982 1152 1050 paucos
1191 962 1261 1029 tlies
1301 963 1343 1030 ihi

332 1081 475 1138 moratus
503 1081 568 1146 est,
603 1068 723 1135 sontem
752 1066 835 1133 illum
866 1068 963 1134 luisse
995 1068 1142 1155 conjicio.
1197 1070 1341 1136 Narratio

333 1181 402 1266 ipsa
432 1175 472 1242 ab
503 1174 665 1242 erroribus
693 1195 757 1240 non
788 1184 894 1250 vacat,
923 1173 996 1260 quia
1028 1173 1176 1242 nonnulla
1206 1174 1342 1242 fortasse

335 1286 480 1352 Graecus
510 1281 618 1347 dedita
650 1301 749 1367 opera
773 1278 872 1355 finxit,
903 1279 1050 1346 nonnulla
1075 1280 1252 1347 Germanus
1281 1302 1344 1348 non

336 1403 424 1458 recte
448 1387 603 1454 intellexit.
656 1388 739 1452 llnrs
763 1405 893 1474 quoque
915 1382 1031 1453 Arnutfi
1061 1384 1261 1473 imperatoris
1285 1385 1345 1453 suh

336 1518 419 1564 anno
444 1496 510 1561 900
534 1492 664 1559 demum
688 1491 831 1558 refertur.
876 1489 1046 1568 Nonnulla,
1076 1512 1159 1580 quae
1183 1491 1347 1560 derebus

308 1607 409 1671 loco
440 1601 591 1689 loginquo
620 1600 718 1686 gestis
749 1597 931 1674 traduntur,
967 1597 1037 1662 sinc
1066 1596 1164 1665 dubio
1194 1620 1234 1665 ex
1263 1598 1346 1686 vulgi

337 1707 518 1777 rumoribus
540 1706 652 1771 hausta
674 1715 754 1781 sunt,
778 1705 860 1769 sicut
882 1701 1086 1771 Zuentchaldi
1109 1703 1189 1784 finis,
1213 1705 1346 1792 expedi-

338 1817 380 1884 tio
402 1816 598 1900 Ungarorum
621 1809 725 1876 ltalica
745 1811 782 1896 ¹),
804 1808 977 1875 certamina
993 1809 1191 1896 Ungarornm
1216 1831 1256 1877 ac
1278 1811 1346 1878 Bul-

337 1940 486 2010 garornm
503 1917 540 2003 ²).
592 1916 783 2004 Plerumque
815 1915 953 2001 scriptor
974 1912 1140 1983 Fuldensis
1165 1917 1250 1986 nullo
1275 1938 1347 2006 par-

337 2031 412 2094 tium
431 2025 535 2092 studio
553 2023 668 2089 ductus
690 2021 801 2087 lectori
822 2019 976 2108 judicium
1000 2021 1154 2110 relinquit,
1177 2042 1252 2088 cum
1269 2024 1346 2088 iram

337 2133 435 2201 modo
471 2141 583 2197 contra
611 2128 840 2215 Suatoplucum
875 2138 1067 2214 conceptam
1102 2129 1268 2199 continere
1297 2129 1346 2194 vix

338 2240 440 2328 possit
458 2237 494 2324 ⁸).
519 2272 560 2284 -

426 2344 548 2429 Regino
588 2338 692 2406 abhas
725 2338 932 2416 Prnmiensis,
974 2338 1095 2427 Alteipii
1130 2337 1174 2407 ad
1204 2338 1346 2411 llhenurn

338 2462 447 2528 natus,
478 2448 529 2535 qui
554 2466 580 2511 a.
604 2444 671 2510 899
696 2465 735 2510 er
759 2444 953 2512 monasterio
977 2465 1036 2511 suo
1060 2446 1185 2533 pulsus,
1215 2446 1248 2512 in
1272 2466 1347 2515 coe·

338 2555 437 2624 nohio
469 2554 512 2618 St.
546 2551 699 2616 Maximini
735 2550 925 2628 Trevircnsi,
960 2550 1016 2617 uhi
1050 2573 1078 2618 a.
1106 2553 1172 2620 ctu
1205 2563 1346 2623 mortuus

339 2676 388 2730 est
406 2659 444 2747 ⁴),
465 2659 546 2724 inter
568 2678 668 2723 annos
693 2657 758 2722 900
783 2667 815 2721 et
837 2657 903 2722 907
927 2657 1101 2725 chronicon
1124 2679 1216 2725 suum
1241 2657 1348 2724 coale-

339 2771 395 2847 eit,
419 2784 569 2831 sermone
592 2761 722 2851 quidem
746 2783 823 2828 usus
846 2764 947 2850 magis
967 2764 1078 2832 latino
1101 2775 1197 2853 atquc
1221 2763 1348 2852 elegan-

338 2880 433 2950 tiore,
457 2891 551 2959 quam
577 2880 689 2935 auctor
712 2868 867 2935 annalium
893 2869 1108 2948 l'uldensiom,
1135 2869 1347 2959 sed-praeter

339 3003 393 3047 res
424 2980 452 3043 in
482 2975 613 3041 Francia
641 2973 832 3042 occidentali
862 2987 893 3042 ct
916 2973 1115 3063 lotharingia
1145 2988 1255 3064 gestas
1286 2998 1348 3044 noa

340 3086 456 3153 eadem
478 3079 543 3146 lide
567 3079 689 3166 dignun,
713 3081 833 3168 quippe
856 3082 910 3169 qui
934 3081 977 3151 dc
1000 3082 1044 3160 iis,
1068 3102 1152 3170 quac
1176 3083 1206 3151 lu
1226 3083 1348 3151 oriente

340 3190 526 3259 acciderunt
555 3186 712 3251 interdurn
743 3185 865 3254 fabulas
901 3199 1028 3256 enarret
1059 3201 1155 3277 atqua
1185 3187 1348 3256 erroribus

339 3293 573 3381 chronologicis
599 3290 749 3358 abundet.
779 3293 822 3358 lta
844 3294 1006 3360 Rastislari
1024 3295 1220 3362 deditionem
1240 3293 1347 3362 aare

339 3405 471 3477 lactant,
494 3397 554 3465 sub
579 3420 662 3465 anno
685 3397 762 3475 880,
785 3399 935 3466 ludovici
960 3401 1148 3487 Burgundlci
1172 3399 1348 3490 expeditio·

339 3532 413 3576 nem
441 3506 579 3572 Italicam
606 3525 633 3570 a.
659 3505 720 3569 901
747 3517 947 3591 susceptam,
977 3529 1002 3574 s,
1033 3529 1059 3573 a.
1090 3507 1172 3585 896.
1205 3509 1347 3596 Ungaro·

339 3638 408 3681 rum
439 3610 556 3678 hellam
580 3631 606 3675 a.
630 3609 696 3676 899
727 3610 757 3675 in
780 3610 865 3677 ltalia
895 3625 1020 3699 gestum
1045 3635 1069 3681 s.
1094 3635 1121 3681 a.
1145 3613 1211 3684 901
1241 3614 1347 3681 relcrt

338 3719 492 3808 Imprimis
514 3717 541 3781 ei
566 3716 663 3782 moris
687 3727 744 3791 est,
770 3725 802 3781 ut
825 3737 930 3782 rerunt
956 3718 1137 3806 perplures
1157 3740 1348 3808 annosgcs·

338 3839 441 3894 tarum
464 3821 526 3889 suh
549 3842 629 3896 uno,
653 3840 748 3908 quem
772 3842 831 3887 suo
854 3822 1003 3889 arbitrata
1028 3824 1128 3911 eligit,
1151 3825 1348 3914 complecta·

339 3945 389 3998 tur
409 3931 586 3996 universam
611 3927 781 4005 rationem
805 3927 869 3995 hoc
889 3929 983 4017 igitur
1005 3928 1103 3997 modo
1124 3933 1240 4010 omnia,
1265 3951 1345 4025 quaa

336 4097 538 4111 ..---—--—-

407 4191 434 4252 t)
472 4196 576 4243 nono.
653 4192 678 4254 a)
715 4198 818 4245 nano.
898 4194 924 4262 a)
961 4201 1063 4261 arat,
1085 4202 1146 4250 aar.

407 4281 433 4340 l)
469 4280 516 4331 cfr.
535 4279 631 4330 Archiv
651 4279 692 4330 fiir
710 4282 792 4334 hltcro
811 4283 942 4336 doutoohe
960 4287 1142 4339 Geschlnhlrk.
1160 4288 1202 4352 tlt,
1225 4293 1289 4342 illl.
