2796 4958
189 797 290 886 piens,
313 750 388 864 bum
410 796 491 863 urbe
514 795 685 885 llosaburg
707 795 886 879 (Szalavar)
911 793 952 862 ad
976 795 1079 861 lacum
1102 792 1197 862 Pelso

189 902 392 988 (Plattensee)
422 914 454 968 et
482 901 589 968 Salam
619 902 760 982 condita,
793 914 825 969 et
854 901 1056 970 occidentem
1084 922 1199 968 versus

188 1010 352 1077 Petovlum
376 1008 508 1088 (Pettaul
532 1010 730 1096 amplectens
753 1008 794 1094 ¹),
817 1030 844 1076 a.
867 1007 933 1075 849
956 1008 1099 1075 Privinae
1123 1007 1200 1074 duoi

191 1113 339 1181 beneficii
370 1114 442 1200 jure
478 1115 608 1182 traditus
631 1126 689 1181 =est
718 1114 770 1201 (zu
799 1114 907 1181 Leben
936 1113 1112 1201 gegeben),
1146 1115 1200 1181 cui

192 1220 299 1287 Cbozil
321 1218 419 1295 lilius,
442 1234 533 1308 patre
556 1243 583 1287 a.
607 1219 671 1287 861
697 1242 717 1287 a
738 1221 873 1287 Moravis
897 1219 1134 1298 carolomanni,
1165 1233 1202 1287 ut

190 1325 329 1404 ridetur,
352 1325 481 1406 auxilio,
503 1340 636 1405 necato,
657 1328 815 1394 successit
837 1337 869 1392 et
892 1346 993 1412 usque
1017 1326 1058 1391 ad
1081 1327 1203 1394 loban-

191 1433 240 1498 nis
262 1432 329 1499 Vlll
360 1453 466 1520 papae
494 1446 640 1522 tempora
669 1434 826 1521 regnavit;
859 1452 960 1497 annus
990 1433 1099 1498 mortis
1128 1433 1201 1519 ejus

192 1561 256 1606 non
281 1551 405 1606 constat
423 1540 458 1627 ²).
511 1540 635 1606 Deinde
658 1540 822 1626 regionem
847 1559 948 1626 usque
973 1538 1013 1603 ad
1038 1539 1131 1604 Pelso
1153 1539 1203 1604 la-

192 1665 265 1711 eum
294 1645 421 1712 Arnulfo
451 1644 619 1732 obtigisse,
659 1645 812 1733 probatur
840 1655 872 1709 et
899 1642 1072 1730 diplomate
1100 1664 1204 1730 supra

191 1750 321 1816 laudato
344 1749 386 1836 ⁸),
416 1751 447 1816 in
470 1773 535 1839 quo
558 1753 639 1817 inter
660 1751 732 1818 loca
755 1772 773 1816 a
798 1749 915 1816 Chozili
938 1748 1100 1837 quondam
1124 1770 1206 1837 pos·

192 1877 285 1923 sessa
314 1858 410 1923 etiam
441 1857 634 1935 Quartinaba
662 1858 704 1922 ad
729 1856 878 1922 bilisaseo
906 1855 1114 1935 (Plattensee)
1143 1877 1206 1922 uo-

192 1963 336 2041 minatur,
361 1963 475 2029 atalia
499 1964 615 2041 tabula,
638 1985 678 2029 ex
700 1984 763 2051 qua
787 1974 920 2030 tractum
945 1962 1028 2026 illum
1052 1973 1125 2028 tunc
1144 1981 1205 2029 co-

192 2069 334 2135 mitatum
357 2068 545 2156 Dudleipam
569 2081 716 2137 vocatum
748 2089 821 2134 esse
846 2069 1071 2156 cognoscimus
1095 2065 1137 2151 ⁴),
1169 2080 1205 2134 et

192 2174 358 2241 annalibus
380 2174 604 2254 FuldensibuS,
634 2175 702 2263 regi
726 2177 918 2242 Francorum
941 2195 968 2241 a.
993 2173 1058 2240 896
1088 2173 1205 2241 urbem

192 2280 383 2354 Paludarum
414 2281 442 2366 (i.
468 2302 495 2348 e.
519 2282 689 2368 ldosaburg
719 2302 743 2347 s.
767 2280 926 2364 Szalavar)
956 2280 1204 2368 obtemperasse

193 2384 406 2453 referentibus
425 2386 460 2470 ⁸).
513 2386 600 2452 ldem
626 2388 819 2453 Pannoniam
849 2408 978 2474 quoque
1001 2386 1205 2472 superiorem

193 2493 282 2570 rexit,
306 2492 396 2578 cujus
420 2491 584 2557 terminum
604 2492 645 2558 ab
663 2492 841 2569 occidente,
865 2492 918 2558 ubi
936 2503 1077 2559 maroam
1099 2493 1206 2558 orien-

194 2599 290 2664 talem
320 2596 487 2685 tangebat,
517 2610 657 2664 montem
688 2599 809 2664 Cetium
839 2597 1074 2685 (Wienerwald)
1106 2597 1206 2664 luisse

197 2704 348 2790 conjicio,
383 2702 538 2770 annalium
575 2704 775 2771 Fuldensium
810 2705 989 2770 testimonio
1025 2725 1114 2779 usus,
1150 2705 1206 2791 qrri

197 2829 269 2876 cum
300 2809 431 2876 Carolus
461 2809 594 2875 Crassus
620 2830 647 2875 a.
672 2812 737 2877 884
768 2810 808 2877 ad
833 2811 981 2876 Tullinam
1014 2807 1141 2875 fluvium
1172 2810 1207 2874 in

198 2994 243 3055 qui
261 2992 354 3042 dieitur
372 2988 456 3039 Raba’'
476 2988 547 3039 dono
567 2989 674 3042 dedisse
693 2991 781 3043 lertur.
800 2992 848 3043 cfr.
868 2990 936 3043 Anu.
953 2990 1026 3041 Fuld.
1045 2991 1096 3038 sat
1117 2989 1206 3053 „Pan-

196 3081 276 3129 nonia
294 3080 328 3130 de
346 3078 433 3128 Hraba
451 3077 558 3127 flumine
577 3078 610 3128 ad
628 3080 760 3130 Orientem
778 3082 853 3131 tota’'.
1230 3130 1233 3136 .

269 3167 294 3226 l)
331 3167 525 3229 Lultprammus
545 3167 762 3231 archiepiscopus
780 3168 943 3220 Juvaveusls
968 3168 1026 3231 „ad
1044 3167 1208 3219 Bettovlam'’

196 3255 222 3305 in
242 3255 373 3304 territorio
387 3255 504 3304 Privlnaa
524 3254 663 3305 ecclesiam
683 3258 851 3307 consecravit
870 3255 913 3314 (de
933 3269 1012 3306 conv.
1031 3255 1128 3307 Carent
1146 3259 1161 3307 l.
1179 3263 1207 3324 l)

269 3341 294 3402 8)
329 3343 465 3392 Jobanues
485 3343 539 3390 Vlll
558 3355 628 3405 papa
647 3340 750 3407 (878-
763 3346 824 3405 888)
844 3346 981 3406 epistolam
1001 3345 1034 3394 ad
1053 3359 1114 3395 eurn
1133 3347 1209 3400 dedit

198 3441 240 3492 ap.
263 3425 443 3480 Wattenbacb
462 3430 597 3494 Beitraege
624 3444 671 3479 zur
693 3426 852 3483 Geschichte
878 3433 926 3483 der
948 3432 1046 3483 christl.
1063 3435 1165 3495 183333Ι
1179 3438 1207 3487 iu

195 3513 329 3567 Maobren.
347 3532 372 3581 p.
399 3522 439 3569 tu.

271 3599 296 3667 8)
334 3605 383 3654 Pez
401 3607 527 3656 Thesaur.
546 3606 564 3666 l,
587 3611 609 3666 8,
631 3610 653 3667 3,
674 3611 736 3657 2¹7.

275 3691 299 3750 t)
338 3693 504 3757 Kleinmayrn
518 3707 544 3757 p.
559 3697 609 3743 116
630 3690 769 3760 (Boehmer
785 3691 863 3763 1089)
883 3700 925 3759 „in
942 3697 1066 3748 comitatu
1078 3697 1210 3761 Dudlelpa
1242 3737 1247 3745 .

198 3783 297 3830 vocato
322 3781 347 3830 in
370 3781 543 3844 Ruginesveld
568 3783 638 3832 sicut
656 3783 744 3832 Chozll
765 3785 818 3835 dux
838 3787 972 3850 quondam
996 3785 1055 3836 inibi
1079 3785 1111 3834 ad
1137 3798 1209 3849 opus

200 3879 279 3917 suum
301 3867 400 3917 babere
423 3869 496 3918 visus
516 3870 577 3919 est’'.
614 3869 660 3920 clr.
679 3873 809 3936 Hormayr
826 3873 927 3936 Herzog
945 3873 1064 3935 buitpuld
1084 3886 1107 3934 p.
1128 3877 1173 3922 88.

272 3954 297 4015 ὅ)
335 3956 503 4016 „lmperator
528 3958 688 4008 Pannoniam
719 3974 780 4011 cum
807 3961 873 4011 urbe
898 3962 1054 4011 Paludarum
1082 3962 1209 4014 tuendam

198 4041 364 4094 Erazlowoul
383 4041 442 4095 duci
464 4057 530 4103 suo,
557 4047 582 4094 in
604 4047 630 4096 id
656 4050 762 4110 tempus
781 4049 1001 4101 commendavit”.
1045 4049 1210 4114 Hurmayrus

198 4125 223 4194 (l.
243 4131 268 4192 Ι.)
299 4132 392 4184 urbem
416 4132 486 4184 ibam
511 4132 699 4200 llosaburgam
722 4136 848 4202 Chozilis,
882 4150 953 4191 nuuc
977 4138 1100 4188 Szalavar
1126 4137 1210 4190 luisse

197 4220 333 4271 existimat.
