2796 4958
670 654 721 718 dd

195 831 350 898 lehunum
372 850 432 896 eos
456 828 584 896 venisse
606 825 785 914 suspicatus
815 837 878 906 est,
908 827 981 917 quio
1010 830 1040 894 in
1064 825 1200 898 conoiiio

193 936 455 1024 Mogontiocensi,
506 933 592 1023 qood
639 931 756 998 eodem
797 944 945 1020 tempore
988 951 1199 1003 convocatum

194 1064 269 1110 esse
292 1055 396 1131 putat,
428 1041 609 1128 complures
632 1037 788 1104 affuerunt
810 1039 928 1107 Galliae
951 1041 1096 1128 episcopi
1118 1042 1200 1109 Rhe-

192 1150 328 1225 mensis‚
358 1146 614 1234 Rotomegensis‚
644 1144 899 1223 camaracensis,
927 1147 1198 1235 Noviomogensis.

194 1253 441 1327 Belloveoonsis.
472 1273 567 1339 quem
591 1259 706 1338 posteo
728 1271 802 1316 cum
826 1251 940 1319 Carolo
961 1253 1101 1340 Simplici
1123 1253 1200 1320 foci·

194 1371 300 1428 entem
330 1359 488 1426 cernimus
509 1359 543 1444 ¹).
600 1356 679 1423 Gum
709 1378 774 1444 que
801 1358 986 1443 conjectum
1014 1359 1125 1426 neseio
1158 1380 1200 1426 an

194 1465 338 1534 Fuloonis
368 1464 467 1531 verba
496 1473 639 1551 pugnent
659 1462 699 1546 ²),
730 1482 813 1549 quee
840 1473 968 1550 tempus
999 1463 1201 1549 praecedens

193 1571 373 1661 significare
397 1568 543 1633 videntur
571 1567 683 1655 „quod
719 1565 900 1634 decedente
924 1567 1038 1636 Caroio
1063 1570 1201 1657 impera·

195 1689 274 1755 tore,
299 1679 328 1742 in
352 1675 449 1763 ipsius
465 1671 581 1738 Arnuifi
601 1673 763 1738 ¹servitium
785 1672 877 1738 suerit
893 1674 1085 1761 proiectus“
1117 1676 1200 1756 odo,

195 1785 248 1871 qui
272 1782 394 1847 interim
418 1782 616 1845 Normannos
639 1794 738 1864 super
762 1778 900 1845 Axonam
928 1777 1055 1846 durium
1076 1801 1201 1850 summo

194 1909 267 1955 oum
304 1887 402 1974 gloria
437 1885 600 1952 devicerat
618 1884 661 1970 ³).
697 1882 738 1949 nb
769 1884 897 1950 Arnulso
930 1884 972 1951 nd
1007 1886 1199 1976 ooiioquium

193 1995 302 2060 venire
320 1993 439 2080 jussus,
454 1991 653 2058 Theoderico
675 1990 791 2056 comite
812 1988 839 2075 ⁴)
862 1990 921 2058 sibi
937 1989 1091 2058 fidissimo
1107 2015 1201 2080 prae·

194 2102 292 2166 misso
322 2097 364 2165 ad
393 2098 483 2185 pacis
513 2095 721 2162 condiciones
753 2095 1010 2180 componendus,
1047 2098 1099 2165 die
1121 2120 1201 2177 oon-

194 2206 280 2272 dioto
301 2225 374 2272 eum
391 2202 541 2268 Bolduino
559 2199 618 2266 sihi
642 2200 847 2268 reconciliato
872 2211 904 2266 et
924 2200 1048 2268 fortium
1073 2202 1201 2272 miiitum

195 2331 305 2390 uranu,
341 2308 608 2394 Borbetomagum
639 2306 800 2392 proiectus
830 2319 896 2384 est,
925 2317 979 2372 eut
1009 2308 1088 2375 inter
1115 2311 1202 2378 diem

195 2419 225 2484 3.
248 2415 316 2481 iuiii
346 2425 380 2481 et
404 2413 432 2480 1.
457 2414 532 2499 Aug.
568 2423 621 2478 rut
657 2412 737 2477 inter
759 2410 787 2477 1.
819 2421 852 2478 et
873 2411 924 2478 23.
949 2415 1077 2501 Augusti
1113 2439 1201 2484 men.

193 2523 238 2589 sis
260 2521 293 2605 ⁵).
349 2521 420 2598 Quo
445 2539 517 2584 oum
541 2517 591 2583 itte
614 2517 827 2605 pervenisset,
856 2539 913 2584 rex
935 2519 1145 2608 principatum
1170 2525 1200 2591 in

195 2648 252 2693 sua
276 2636 436 2713 potestate
460 2623 615 2711 superiori
639 2622 822 2690 habendum
846 2624 875 2689 ei
901 2627 1064 2693 concessit
1085 2640 1118 2694 et
1140 2649 1200 2716 pro

195 2736 246 2810 iis,
277 2733 329 2819 qui
354 2732 457 2816 ipsum
481 2740 575 2795 antea
599 2728 760 2796 advocare
784 2727 962 2808 voluerant,
996 2733 1120 2799 veniam
1143 2757 1201 2822 pe·

193 2840 259 2906 tivit
279 2840 314 2920 ⁸).
356 2836 443 2900 Ratio
469 2833 607 2921 quidem,
631 2856 694 2922 qua
718 2834 792 2900 Odo
814 2832 941 2899 Amulio
961 2855 998 2900 se
1018 2837 1203 2924 sobmon-it,

194 2940 444 3029 ascriptoribus
469 2960 531 3005 non
556 2940 650 3026 piane
673 2941 855 3028 explicatur,
882 2959 946 3038 ego
966 2950 1072 3009 tamen
1097 2946 1201 3011 existi·

197 3099 396 3114 ..--—-—--——-fi

267 3186 292 3258 t)
334 3186 464 3253 ,‚Ftdelts⁴‘
486 3185 519 3240 nb
538 3201 571 3241 eo
592 3191 704 3242 vocetur
721 3194 747 3242 tn
766 3189 858 3243 oborto
877 3189 994 3257 quodem
1013 3203 1055 3257 up.
1074 3193 1203 3260 uouqoet

193 3281 235 3345 ix,
260 3280 475 3342 totitssoehmer
496 3277 588 3340 tter).
609 3305 641 3317 -
718 3281 746 3342 8)
780 3280 918 3332 Ftodoord.
936 3283 952 3332 Ι.
970 3283 986 3331 t.

264 3364 292 3426 8)
329 3368 395 3417 Anu.
414 3367 480 3419 Ved.
502 3370 562 3427 888,
587 3366 663 3417 nhbo
689 3367 723 3418 de
747 3367 821 3419 bottis
845 3369 981 3420 Parisioois
999 3370 1026 3420 L.
1046 3370 1077 3431 11,
1096 3383 1123 3419 v.
1143 3373 1202 3437 tot,

195 3469 253 3522 sqq.
270 3453 360 3512 (Pertz
377 3451 419 3506 SS
441 3456 472 3519 11,
489 3453 563 3513 788).
583 3454 711 3504 Proelium
725 3457 897 3506 commissum
916 3459 960 3506 est
975 3457 1010 3506 od
1026 3456 1203 3511 Montiouoon.

267 3542 295 3604 t)
332 3541 378 3592 cir.
397 3543 431 3592 de
453 3556 486 3592 eo
504 3539 634 3591 Hinomur.
655 3556 679 3591 o.
701 3546 766 3603 8793
793 3546 856 3591 nnn.
876 3537 991 3604 vedast,
1012 3547 1071 3593 tot.
1097 3541 1203 3596 Lebeui.

193 3632 359 3694 suspicetur,
384 3643 444 3679 eum
466 3631 589 3680 comitem
612 3629 883 3693 Augustoduncnsem
909 3627 990 3681 titisse
1012 3629 1143 3694 (Memoir.
1167 3635 1202 3684 dc

192 3715 329 3769 t’ooodcm.
349 3717 398 3766 des
417 3717 534 3779 inscript.
549 3718 577 3766 T.
596 3712 674 3764 XXIV
693 3728 717 3778 p.
738 3713 816 3780 rto).
1091 3775 1095 3783 ἱ

264 3805 290 3866 t)
325 3805 398 3854 Nulla
425 3807 496 3855 extet
519 3805 607 3854 tabula
625 3802 809 3868 Borbetomagi
828 3806 898 3858 dete.
926 3805 1014 3872 Usque
1033 3808 1067 3859 ed
1089 3806 1157 3860 diem
1178 3811 1203 3859 8.

191 3890 241 3943 iul.
266 3903 301 3942 tn.
322 3892 444 3942 Amulius
463 3892 625 3943 Francoiurti
652 3898 769 3942 moratus
796 3896 838 3944 est
865 3894 1019 3955 (Boehmer.
1035 3897 1083 3948 No.
1103 3895 1201 3959 totth

192 3981 234 4030 die
255 3983 278 4030 t.
297 3977 364 4044 Aug.
388 3976 520 4030 Triburiee
547 3980 659 4044 (Diimgc
683 3985 787 4043 regesta
813 3981 942 4031 Badeusin
966 3991 991 4044 p.
1012 3980 1071 4044 78),
1096 3983 1138 4033 die
1159 3988 1202 4034 83.

191 4067 248 4132 Aug
275 4069 300 4117 iu
321 4075 395 4119 curte
415 4069 485 4131 regia
505 4069 690 4118 Gerenosheim
709 4068 855 4130 (Boehmer
871 4069 918 4118 No.
939 4067 1033 4131 tcto).
1052 4094 1085 4107 -

263 4154 289 4215 6)
326 4157 390 4205 Anu.
410 4153 473 4206 Ved.
493 4158 552 4204 888.
573 4156 672 4218 Regino
692 4154 725 4213 (a.
744 4156 805 4216 888)
825 4166 877 4205 non
897 4159 970 4207 reete
992 4157 1060 4218 dicit,
1081 4157 1200 4208 odonem

190 4254 269 4304 „oum
289 4256 426 4294 consensu
446 4241 559 4292 Amorn‘
579 4242 691 4291 eiectum
711 4254 782 4291 esso.
