2796 4958
777 669 853 733 176

405 834 541 904 Annales
566 833 742 918 vedastini,
774 839 826 925 qui
859 837 902 904 ab
931 838 1056 928 aequali
1088 840 1260 928 conscripti
1284 840 1327 908 ad

316 966 432 1014 annum
456 943 523 1009 900
552 964 653 1032 usque
685 943 895 1010 extenduntur
922 959 955 1013 et
984 947 1014 1012 iu
1044 945 1142 1014 rebus
1172 949 1327 1014 Franciae

317 1050 523 1121 occidentalis
553 1049 754 1115 solummodo
785 1064 963 1133 versantur,
992 1055 1097 1140 magni
1128 1066 1201 1119 suut
1232 1054 1324 1140 pretii

317 1170 349 1226 et
370 1157 435 1223 fido
459 1152 634 1222 admodum
657 1154 751 1243 digni.
805 1158 873 1224 Uno
906 1169 1011 1226 tamen
1042 1160 1115 1227 loco
1145 1180 1257 1226 eorum
1282 1161 1327 1225 vi·

318 1265 392 1331 tium
427 1262 554 1330 scribae
589 1261 619 1326 in
655 1283 714 1327 eus
747 1262 916 1351 irrepsisse
939 1264 1076 1344 videtur,
1111 1285 1184 1333 eum
1208 1287 1235 1332 a,
1259 1265 1324 1333 891

317 1392 376 1461 pro
400 1370 503 1448 „circa
527 1368 666 1434 autumni
688 1388 766 1434 vera
787 1373 957 1458 tempora”
980 1373 1083 1451 „cirea
1112 1383 1219 1439 autem
1242 1372 1327 1438 veris

317 1477 486 1563 tempora‘'
515 1474 700 1541 necessario
732 1487 781 1541 est
810 1475 996 1564 legendum,
1032 1476 1118 1567 quod
1152 1499 1192 1546 eo
1226 1479 1329 1564 magis

318 1581 487 1672 probabile
510 1591 567 1659 est,
593 1581 665 1669 quia
689 1579 862 1649 chronicon
887 1583 929 1651 de
952 1584 1328 1672 gestisNortmannorum

319 1712 358 1757 ex
381 1689 429 1756 bis
453 1686 618 1755 annalibus
647 1686 842 1754 verbotenus
866 1702 1051 1777 excerptum
1078 1690 1189 1768 „cirea
1220 1702 1329 1758 autem

318 1796 458 1863 autumni
492 1793 660 1880 tempora'’
691 1792 789 1859 babet
810 1793 844 1878 ¹).
895 1795 1014 1863 Auctor
1044 1799 1128 1862 enim
1160 1806 1256 1862 autea
1286 1796 1327 1862 de
1362 1824 1367 1832 ·

317 1901 457 1968 bibernis
479 1901 731 1966 Normaunorum
755 1897 888 1985 (890-
903 1899 982 1988 891)
1005 1903 1144 1981 locutuS,
1173 1901 1249 1970 loeo
1275 1902 1326 1968 illo

318 2007 378 2074 sub
403 2028 486 2073 anno
508 2004 571 2072 891
599 2003 803 2090 interposito,
835 2005 876 2070 ita
901 2005 1011 2077 dicere
1040 2008 1159 2096 pergit:
1194 2006 1327 2097 „ibique

318 2115 349 2202 (i.
373 2136 400 2182 e.
423 2114 502 2180 locis
526 2111 704 2187 maritimis,
734 2131 818 2197 quos
849 2132 889 2178 ex
913 2113 1020 2181 verbis
1043 2115 1113 2202 ejus
1136 2114 1248 2194 „circa
1272 2135 1327 2182 au·

318 2221 416 2287 tumui
439 2218 605 2306 tempora''
630 2209 818 2304 petierantl)
849 2229 916 2286 toto
940 2220 1061 2287 aestivo
1083 2232 1232 2308 tempore
1259 2241 1328 2288 mo-

319 2328 376 2394 reti
400 2325 495 2402 sunt''‚
520 2343 558 2389 ac
582 2321 708 2398 deinde,
733 2321 786 2388 ubi
815 2338 1004 2412 sequentem
1028 2328 1239 2414 transegerint
1261 2327 1328 2394 hie·

320 2453 404 2498 mem
429 2429 566 2516 exponit.
611 2428 656 2492 Ex
679 2449 744 2515 quo
767 2432 915 2498 narrandi
939 2432 1052 2499 ordine
1067 2432 1204 2500 dilucide
1226 2454 1327 2522 appa·

317 2549 374 2616 ret,
396 2536 545 2622 regiones
570 2534 742 2601 maritimas
765 2535 806 2602 ab
838 2537 895 2603 illis
918 2549 1065 2626 tempore
1088 2559 1188 2605 verno
1210 2541 1326 2628 petitas

317 2662 401 2711 esse.
446 2638 640 2728 liudprandi
664 2641 809 2728 episcopi
834 2642 1058 2711 Cremonensis
1085 2664 1183 2732 porro
1208 2649 1327 2712 mentio

318 2759 368 2815 est
391 2746 552 2824 facienda,
581 2745 672 2832 cujus
696 2747 871 2832 permultos
902 2770 1029 2817 errores
1053 2750 1190 2816 refutare
1220 2771 1327 2838 paene

316 2875 448 2943 prorsus
460 2851 677 2939 supersedere
687 2853 784 2939 potui,
808 2872 880 2920 eum
900 2855 931 2922 id
950 2857 1126 2923 luculenter
1142 2855 1174 2921 in
1192 2856 1327 2944 Koepkii

318 2961 360 3027 de
389 2980 430 3026 eo
462 2958 730 3026 commentatione
762 2956 948 3027 doctissima
971 2962 1087 3028 lactum
1111 2962 1165 3040 sit,
1201 2983 1329 3052 exque

318 3084 454 3153 magnos
473 3083 525 3128 me
544 3065 732 3150 percepisse
745 3065 864 3132 lruetus
882 3079 974 3154 grato
987 3069 1092 3135 animo
1106 3067 1271 3136 confiteor.
1284 3105 1328 3121 -

406 3170 473 3235 Nee
493 3168 595 3235 minus
616 3181 709 3236 cauta
730 3191 824 3257 quam
845 3172 1076 3261 liudprandus
1099 3175 1327 3264 panegyristes

318 3275 498 3363 berengarii
522 3274 723 3342 adhibendus
747 3288 804 3353 est,
829 3277 925 3346 bomo
946 3280 1077 3368 quidem
1097 3281 1250 3367 aequalis,
1272 3281 1326 3370 qui

316 3385 413 3452 Latini
444 3381 603 3449 sermonis
630 3380 715 3449 bene
745 3405 862 3470 gnarus
886 3385 966 3451 inter
988 3407 1090 3453 anuos
1114 3385 1326 3455 91601924

316 3511 398 3576 opus
421 3509 513 3554 suurn
538 3487 694 3566 coniecitr
722 3489 783 3554 sed
814 3490 951 3558 coinon
982 3491 1142 3559 historiam
1172 3495 1328 3582 temporis

315 3595 363 3661 sui
387 3590 607 3672 conscribere,
639 3591 698 3659 sed
722 3593 834 3661 laudes
859 3597 1008 3684 principis
1030 3597 1141 3665 dicere
1163 3600 1194 3664 in
1218 3599 1326 3668 aniruo

316 3712 397 3778 erat;
421 3717 520 3786 quare
544 3697 647 3763 multis
671 3712 847 3785 memoratu
870 3701 1061 3791 dignissimis
1084 3705 1213 3771 omissis
1229 3705 1327 3773 multa

315 3824 445 3898 quoque
467 3801 569 3881 finxit,
594 3824 678 3893 quae
701 3805 856 3896 pleraque
878 3809 1056 3877 Hadrianus
1080 3810 1220 3877 Valesius
1240 3815 1273 3891 ²)
1295 3812 1324 3878 iu

314 3911 396 3977 notis
425 3909 490 3976 suis
516 3909 583 3995 jarn
615 3909 792 3980 confutavit.
849 3915 940 3984 Haud
970 3928 1059 3984 recte
1090 3916 1183 4004 igitur
1211 3929 1325 3989 auctor

314 4078 515 4090 ...-—----—

386 4165 410 4226 l)
447 4165 522 4214 Perlz
542 4164 585 4212 SS.
604 4165 623 4226 1,
645 4170 704 4216 536.

381 4251 407 4313 t)
442 4263 482 4314 ap.
504 4247 596 4315 lieret.
616 4250 666 4305 SS.
683 4268 735 4306 rer.
755 4257 808 4313 ital,
827 4259 857 4322 il,
880 4265 903 4312 l.
