2796 4958
662 643 737 717 125

197 816 240 883 ad
272 830 353 906 quas
382 829 484 886 terras
513 816 608 884 etiam
638 837 756 906 pagum
780 817 1014 887 Alamannieum
1042 817 1205 907 lirisgowe

196 922 339 1010 ideoque
372 924 519 994 alsatiam
550 944 688 1013 quoque·
707 923 833 992 additos
865 945 955 1003 essa,
989 924 1099 992 charta
1126 945 1204 1014 qua·

197 1027 274 1094 dum
297 1027 330 1114 ¹)·
351 1029 588 1116 comprobator.
649 1030 714 1097 Rex
744 1031 835 1116 igitur
867 1030 942 1096 dum
973 1029 1036 1098 lilio
1068 1031 1204 1099 maxime

196 1135 316 1209 dilecto
347 1136 556 1224 principatum
586 1148 760 1222 comparat,
788 1136 908 1224 pariter
928 1137 1075 1224 speravit,
1104 1157 1142 1203 sc
1171 1148 1204 1204 et

194 1239 414 1314 Loebarioruru
437 1243 531 1309 invite
555 1262 628 1309 eum
648 1244 775 1308 Francis
798 1241 1002 1310 orientalibus
1018 1243 1204 1330 conjuncto·

194 1369 266 1412 rum
289 1349 412 1423 mimos
436 1347 494 1414 sibi
517 1348 755 1414 conciliaturum
779 1368 867 1429 esse,
896 1361 929 1416 et
951 1348 1116 1415 liudolfum
1147 1348 1204 1414 bu·

197 1473 322 1542 easque
352 1455 500 1522 invictum
524 1454 643 1522 facilius
666 1465 849 1540 superatum
876 1455 921 1522 iri.
965 1452 1031 1520 Sed
1056 1454 1199 1520 maximis

196 1559 344 1646 prolecto
367 1558 601 1628 difficultatibus
626 1560 798 1626 dominatio
821 1560 970 1647 implicita
994 1570 1075 1637 erat,
1106 1580 1201 1646 quam

196 1665 430 1733 zuentebaldus
460 1668 515 1760 vir
535 1667 660 1754 ingenio
692 1666 815 1733 fervido
847 1678 878 1733 et
901 1667 1070 1734 temerario
1092 1687 1204 1733 susce·

195 1772 257 1858 pit,
288 1791 362 1841 eum
386 1775 475 1860 regni
498 1773 655 1840 Letharici
686 1773 851 1851 condicio,
882 1772 969 1860 quod
998 1785 1064 1840 tum
1088 1775 1202 1862 Ripua·

195 1879 277 1944 riam
307 1900 436 1967 quoque
467 1879 686 1967 complectens
717 1877 757 1945 ab
785 1879 896 1946 ineolis
933 1881 1045 1967 partim
1076 1880 1201 1947 Gallicis

195 1985 311 2072 partim
325 1985 521 2051 Germanicis
547 1985 753 2063 habitabatur,
775 1984 819 2059 ob
845 1985 1026 2073 trequentes
1049 1988 1202 2052 Norman·

195 2113 311 2159 norum
335 2092 527 2158 vastationes
559 2104 591 2158 et
621 2092 827 2169 seditionem,
858 2113 953 2178 qnam
976 2094 1067 2179 Hugo
1100 2112 1202 2178 nuper

196 2197 239 2264 ab
268 2197 445 2286 agminibus
481 2197 738 2264 latrocinantibus
759 2201 789 2275 ²)
827 2197 952 2284 adjutus
987 2198 1202 2264 concitaverat

197 2304 389 2394 prioresque
420 2316 523 2370 motus
555 2325 594 2370 ac
625 2326 735 2392 regum
766 2304 869 2383 vices,
898 2304 1030 2391 propius
1060 2303 1100 2368 ad
1128 2323 1200 2370 eam

145 2489 148 2496 Ι
195 2411 348 2479 l'ranciue
364 2409 571 2477 occidentalis
590 2411 763 2479 accederet
784 2424 815 2475 et
839 2409 1035 2496 proceribus,
1060 2410 1112 2498 qui
1135 2410 1203 2498 ple-

194 2515 304 2603 risque
327 2515 462 2584 abbatiis
486 2518 574 2605 potiti
592 2529 702 2594 erant,
734 2536 910 2604 magnaeo
934 2518 1042 2604 regiae
1066 2515 1203 2583 auctori·

195 2622 251 2687 tati
268 2622 448 2708 periculosa
462 2634 550 2690 essct
566 2635 718 2712 potestas.
769 2623 902 2689 Lotliarii
918 2634 1023 2689 autem
1042 2627 1070 2709 8)
1095 2611 1199 2708 „gens

194 2728 281 2794 uaria
304 2737 372 2793 erat
396 2739 427 2794 et
451 2729 569 2796 artibus
600 2731 732 2806 assueti,
762 2729 853 2794 bellis
884 2740 1032 2816 prompta
1062 2727 1201 2793 mobilis·

196 2854 260 2920 que
284 2834 325 2900 ad
347 2855 455 2901 rerum
479 2838 658 2914 novitates”,
682 2835 723 2900 de
744 2835 834 2921 cujus
852 2835 965 2899 astutia
986 2833 1080 2898 multa
1093 2853 1201 2897 exem-

193 2940 247 3026 pla
271 2939 300 3004 in
319 2940 404 3028 uulgi
433 2962 490 3008 ore
514 2941 721 3008 versabantur
739 2941 775 3026 ⁴).
829 2937 943 3005 rlrnulfi
967 2935 1047 3005 filius
1071 2940 1120 3004 vix
1144 2939 1200 3003 im-

194 3045 317 3132 perium
346 3059 528 3125 assecutus,
565 3069 637 3114 cum
670 3047 697 3112 ei
728 3067 746 3112 a
779 3046 880 3114 Caroli
911 3043 1141 3122 sectatoribus,
1174 3045 1199 3111 si

161 3271 163 3275 ’
196 3266 349 3334 (beelamon,
371 3267 463 3334 1111).
499 3272 619 3331 Quocum
644 3271 734 3323 charta
761 3268 879 3338 tn-atajt
906 3284 982 3321 mena
1010 3285 1032 3321 a.
1052 3274 1101 3320 898
1127 3284 1149 3318 a.
1168 3270 1200 3318 lll

193 3359 266 3422 regni
291 3359 461 3410 zuentebaldi
491 3360 551 3409 data
578 3362 701 3410 convenit
733 3359 899 3422 (lneomblet
923 3359 947 3419 1,
982 3361 1027 3418 ta,
1059 3357 1200 3418 Boebmer,

196 3445 292 3508 ltili),
309 3449 368 3498 licet
386 3449 433 3498 alia
460 3449 501 3498 die
529 3452 569 3498 18.
586 3448 644 3509 ltlaji
669 3462 703 3497 m.
719 3462 740 3497 a.
761 3451 810 3497 898
837 3447 898 3495 data
916 3457 1057 3510 perperam
1077 3446 1198 3506 quactum

193 3535 365 3586 zuentebaldi
380 3538 449 3598 regis
462 3549 558 3586 annum
576 3535 697 3585 exhibeat
714 3531 867 3597 (Hontliaim
879 3535 897 3597 l,
916 3537 977 3593 287,
989 3532 1095 3581 Boehm.
1107 3533 1199 3592 1168).

197 3623 270 3673 later
288 3623 346 3674 <lies
367 3626 443 3688 igitur
461 3629 500 3674 15.
521 3630 548 3674 et
568 3629 607 3674 30.
619 3622 676 3683 maji
697 3635 779 3673 maus.
796 3622 836 3671 ille
854 3635 901 3671 rex
913 3620 998 3670 lactus
1017 3623 1067 3670 cst.
1093 3621 1199 3681 (Bcelr-
1226 3636 1227 3639 ¹

193 3721 259 3773 mar,
282 3708 490 3772 tlte—rme).

268 3792 291 3859 1)
332 3798 396 3861 Dipl.
415 3801 593 3862 ap..Bouquet
615 3797 659 3856 lll,
687 3801 736 3846 376
761 3797 906 3859 (Boclrmcr
929 3793 1011 3858 tres)
1037 3795 1199 3846 Zuentebal-

192 3883 244 3931 dus
264 3883 402 3948 Engillrldo
422 3886 509 3935 abbati
529 3885 565 3935 St.
587 3881 706 3949 Gregorii
724 3887 749 3934 in
769 3887 863 3936 alsatia
883 3886 1014 3949 privilegiu
1035 3898 1066 3934 ae
1085 3897 1200 3946 possesf

190 3971 283 4021 siones
310 3985 371 4023 errm
396 3974 522 4024 Alsalieas
547 3977 601 4023 tum
625 3975 650 4022 in
677 3974 844 4037 Brisebgcwe
870 3975 969 4033 villam,
993 3986 1060 4036 quae
1089 3977 1200 4024 vocatur

189 4053 340 4109 Wizzilistat
359 4061 502 4110 confirmat.
522 4061 567 4110 csr.
586 4060 664 4110 stetin
684 4062 811 4112 wirtemb.
831 4063 924 4112 Gescb.
942 4063 1037 4125 1861.

264 4144 289 4208 Ξ)
331 4150 483 4212 ch.,883.
574 4147 598 4204 8)
636 4147 823 4210 wicrammi,
847 4155 886 4200 30.

265 4233 289 4292 t)
329 4236 468 4286 wraumna
489 4237 507 4299 1,
529 4240 569 4296 ac,
589 4232 619 4288 11.
644 4240 685 4295 aa,
705 4240 828 4284 ‹ar-as.
