2796 4958
557 660 631 739 rar

95 825 253 900 liutboldi
285 849 428 908 vassum,
458 828 558 897 virum
587 832 769 919 „progenie
791 830 896 898 bonae
921 831 1104 913 nobilitatis’'

96 950 259 1007 exortum:
289 937 340 1002 ille
364 939 446 1003 enim
472 958 498 1002 a.
522 936 589 1002 899
619 936 747 1002 demum
773 957 813 1002 ex
834 939 971 1005 lloravia
995 940 1105 1025 expul-

96 1066 153 1110 sus
178 1055 236 1121 est,
258 1042 309 1109 bic
328 1044 394 1131 jam
419 1065 446 1110 a.
463 1044 531 1108 898
556 1045 584 1108 in
604 1043 760 1109 Corinthia
781 1042 942 1111 habitasse
960 1046 989 1110 in
1014 1046 1105 1112 char-

97 1153 136 1216 tis
161 1150 275 1215 dicitnr
296 1153 333 1226 ¹).
374 1151 555 1240 Moymirus,
578 1148 673 1214 fratre
695 1151 724 1214 in
748 1150 873 1216 exilium
898 1163 980 1229 aeto,
1002 1152 1105 1218 solnm

97 1277 205 1321 rerum
229 1256 347 1342 potitus
370 1274 409 1320 ao
431 1274 533 1342 regnu
557 1253 695 1341 undique
719 1255 811 1321 valde
833 1255 981 1323 afflictata
1003 1259 1105 1345 pristi-

99 1383 175 1427 num
210 1360 349 1426 reddere
378 1360 584 1446 splendorem
615 1371 761 1439 conatus,
797 1384 815 1427 a
850 1383 935 1450 papa
962 1361 1105 1429 iohanne

96 1469 135 1533 lli
159 1467 256 1531 multa
286 1467 422 1553 pecnnia
452 1466 628 1554 impetravit
648 1465 688 1552 ²),
719 1478 755 1532 ut
784 1467 834 1533 hio
857 1468 1033 1535 iohannem
1056 1487 1106 1535 ar·

98 1572 338 1659 chlepisoopum
376 1583 409 1637 et
446 1571 610 1636 Danielem
654 1590 693 1636 ao
732 1573 936 1639 Benedictum
978 1574 1106 1660 episco-

96 1699 160 1766 pos
179 1677 206 1763 ³)
230 1679 259 1743 in
282 1679 451 1744 lloraviam
476 1679 627 1754 mitteret,
658 1678 709 1766 qui
737 1699 839 1744 novos
869 1678 910 1745 ibi
935 1699 1107 1746 cousecra-

97 1794 169 1850 rent
193 1784 374 1871 episcopos.
420 1785 529 1871 itaqua
550 1805 651 1850 novus
676 1785 935 1872 metropolitanus
959 1784 1106 1854 Methodii

94 1889 217 1977 jamdiu
240 1890 353 1956 mortui
376 1890 449 1955 loco
468 1889 510 1955 ab
534 1890 570 1955 iis
593 1892 779 1956 constitutus
803 1901 860 1968 est,
883 1892 933 1956 oni
950 1902 1016 1957 tres
1031 1891 1107 1958 sub-

97 1997 174 2082 J'eoti
195 2007 268 2061 sunt
286 1994 485 2082 suffraganei,
509 2016 642 2082 qnorum
667 1997 854 2082 provincias,
879 1998 952 2083 quin
976 2017 1108 2063 ausura·

99 2104 161 2168 tius
187 2103 420 2189 investigemus,
444 2099 488 2167 ob
513 2102 636 2165 testium
661 2101 798 2189 inopiam
816 2099 884 2166 fieri
906 2123 968 2167 non
992 2114 1107 2188 polest.

99 2209 367 2275 Consecrationes
403 2207 469 2272 illas
503 2207 663 2273 Richarius
701 2212 875 2295 episcopus
909 2208 1108 2288 BataviensiS,

101 2314 270 2380 lloraviam
292 2314 353 2380 sibi
377 2313 605 2399 obtemperare
630 2326 780 2400 oportere
802 2313 978 2392 arbitratus,
1001 2325 1108 2381 caete·

101 2420 192 2507 rique
210 2420 360 2484 Bavariaa
382 2419 526 2505 episcopi
551 2418 723 2485 admodum
748 2419 897 2508 indignati
914 2434 993 2499 sunt,
1015 2441 1109 2508 praa-

100 2526 210 2592 sertim
233 2545 306 2591 oum
330 2524 428 2603 Slavi,
456 2524 633 2611 legatorum
658 2546 763 2613 papae
792 2528 891 2614 gratia
918 2526 976 2593 sibi
1001 2528 1108 2594 couci·

101 2632 190 2707 liata,
219 2631 314 2696 multa
350 2628 550 2717 pontificibus
575 2632 733 2697 Bavaricis
762 2632 940 2719 objicerent
969 2634 1108 2711 crimina,

102 2737 263 2811 dicentes,
297 2756 355 2801 eos
385 2754 484 2810 „cum
510 2737 636 2802 Francis
660 2751 693 2802 et
716 2731 893 2802 Alamannis
924 2738 1109 2802 scandalum

102 2853 138 2908 et
160 2840 353 2907 discordiam
377 2839 527 2906 habuisse
559 2861 598 2907 ao
628 2863 700 2907 oum
727 2843 859 2928 Ungaris
882 2839 978 2906 fidem
1002 2842 1109 2908 catho-

92 2948 195 3013 licam
228 2947 364 3013 violasse
395 2957 427 3011 et
451 2967 510 3032 per
537 2966 650 3012 canem
674 2967 732 3016 seu
756 2946 863 3034 lupum
889 2945 1030 3035 aliasque
1053 2967 1110 3013 ne-

104 3052 304 3119 fandissimas
339 3062 373 3115 et
412 3052 554 3118 ethnicas
593 3073 645 3116 res
685 3062 886 3118 sacramenta
922 3063 953 3119 et
994 3073 1110 3140 paoem

104 3159 220 3245 egisse,
245 3168 339 3243 atque
359 3167 391 3221 ut
410 3157 439 3220 in
454 3158 569 3223 ltaliam
584 3157 752 3222 transirent
770 3159 938 3245 pecuniam
956 3158 1111 3226 dedisse.”

104 3261 228 3342 Quibus
249 3260 345 3326 rebus
363 3261 427 3327 fide
442 3262 558 3328 tributa
581 3261 674 3346 legati
689 3264 818 3329 Romani
839 3262 947 3328 litteris
966 3262 1006 3327 ad
1027 3265 1111 3348 epis-

105 3388 209 3456 copos
226 3367 392 3432 Bavarioos
413 3368 521 3455 „quasi
541 3366 581 3432 ab
601 3368 776 3453 apostolica
799 3366 895 3432 sede'’
918 3365 998 3431 datis
1020 3367 1111 3433 valde

105 3495 163 3541 eos
187 3473 409 3558 corripuerunt
433 3484 464 3538 et
489 3473 582 3536 multa
607 3471 725 3558 probra
749 3473 929 3558 ingerentes
954 3470 1034 3538 inter
1052 3471 1112 3539 alia

107 3577 231 3656 „divino
255 3576 361 3664 gladio
387 3577 546 3643 leniendos
572 3576 700 3664 dignos*
719 3578 871 3643 dixerunt.
910 3574 1045 3643 Crimina
1064 3577 1114 3644 illa

104 3683 316 3771 propulsaturi
342 3695 373 3748 et
398 3685 534 3764 Hat10⁴)
559 3695 591 3747 et
612 3681 820 3748 Theotmarus
850 3683 1112 3770 arehiepiscopus

104 3801 303 3811 ———-

179 3853 202 3912 1)
239 3852 369 3902 Boehmer
390 3856 466 3914 ttae,
490 3859 564 3904 illo.

178 3934 205 4003 2)
238 3940 320 4002 Epist.
330 3938 477 3988 Theotmari
497 3941 532 3990 ad
550 3941 698 3991 lohannem
711 3939 742 3990 lll
764 3954 860 4004 papam
881 3953 923 4002 ap.
934 3940 1036 3992 lloczek
1053 3943 1116 3993 oud.

107 4010 160 4072 dipl
184 4008 283 4060 Morav.
303 4006 323 4068 l,
344 4014 375 4058 oo
397 4009 532 4070 ,iactitant
550 4025 580 4062 sa
601 4012 778 4076 magnitudine
797 4012 926 4073 pecuniae
946 4014 1042 4076 egisse,
1062 4026 1112 4064 vos

106 4082 218 4132 eosdem
237 4080 371 4144 praelarus
390 4082 533 4143 episcopos
553 4084 587 4132 ad
610 4096 640 4133 se
659 4084 809 4133 direxisse.'’
829 4107 861 4116 —

179 4165 205 4232 a)
241 4170 349 4218 Wiener
366 4167 530 4218 Jahrbiicher
553 4170 602 4218 vol.
623 4174 654 4218 37
674 4183 699 4232 p.
719 4171 760 4219 63.

181 4257 205 4317 t)
245 4255 347 4306 Boozelr
366 4256 427 4304 cod.
447 4256 508 4318 dipl.
526 4252 626 4306 Morav.
647 4257 664 4319 Ι,
686 4259 726 4306 ot.
