2782 4950
487 1399 912 1510 Appendixl.

627 1603 778 1616 ——1-

229 1780 294 1854 De
319 1782 513 1853 lontibus
538 1785 577 1853 in
604 1785 681 1856 bac
708 1788 1071 1858 commentatione
1098 1760 1171 1859 ad-

262 1883 266 1891 *
614 1897 778 1975 bibitis.

197 2079 293 2166 luter
316 2118 446 2176 omnes,
480 2099 531 2188 qui
563 2097 605 2165 de
629 2101 827 2187 temporibus
850 2099 966 2168 brnulfi
989 2103 1073 2188 regis
1098 2117 1204 2188 poste·

197 2204 279 2274 ritati
314 2203 463 2271 nonnulla
496 2203 707 2284 tradiderunt,
744 2209 878 2294 primum
912 2208 1016 2274 locum
1047 2207 1204 2272 annalium

196 2311 398 2379 Fuldensium
429 2330 504 2397 pars
536 2311 643 2399 quinta
673 2312 810 2389 obtinet,
846 2336 939 2403 quam
970 2315 1018 2380 vix
1047 2312 1204 2378 Einbardo

196 2430 228 2484 et
260 2418 429 2483 llincmaro
468 2414 739 2485 excellentissimis
774 2420 892 2486 saeculi
925 2419 962 2485 lll
995 2417 1205 2505 scriptoribus

194 2520 378 2611 posthaberi
398 2520 500 2587 velim.
537 2520 632 2607 Cujus
654 2535 818 2591 auctorem
840 2546 1033 2615 anonymum
1055 2544 1118 2590 non
1136 2545 1203 2590 mo·

193 2628 329 2696 nacbum
344 2625 543 2702 Fuldensem
563 2627 622 2693 sed
641 2630 769 2695 natione
783 2633 934 2698 llavarum
955 2631 1060 2708 fuisse,
1082 2631 1203 2718 quippe

194 2737 247 2825 qui
278 2735 307 2800 in
338 2732 435 2799 rebus
460 2733 617 2799 Bavaricis
649 2735 784 2801 maxime
819 2748 977 2814 versetur,
1012 2737 1152 2802 Pertzius
1179 2740 1204 2836 ¹)

192 2854 282 2910 recte
316 2839 557 2919 demonstravit,
588 2840 647 2906 sed
673 2840 745 2905 mibi
770 2861 898 2929 quoque
921 2840 1013 2909 valde
1036 2838 1205 2928 probabile

194 2969 269 3015 esse
290 2945 428 3026 videtur,
462 2967 535 3013 eum
567 2968 630 3013 non
663 2946 818 3014 salumin
844 2948 972 3015 Bavaria
996 2947 1026 3012 io
1051 2946 1138 3033 regis
1161 2946 1203 3010 vi·

195 3055 322 3120 cinitate
345 3051 522 3129 habitasse,
546 3074 656 3119 verum
682 3054 784 3127 etiam.
810 3074 883 3120 cum
909 3054 949 3119 de
974 3073 1080 3141 pugna
1103 3053 1202 3117 Luva·

193 3160 308 3238 niensi,
343 3158 384 3224 de
417 3157 542 3223 duabus
577 3160 831 3246 expeditionibus
861 3160 972 3226 Italicis
1001 3159 1083 3225 sicut
1112 3158 1203 3225 testis

191 3267 335 3335 oculatus
368 3264 407 3330 sit
436 3263 606 3329 instructus
631 3264 781 3354 idemque
812 3286 924 3332 omnes
953 3264 1128 3351 legationes
1161 3262 1202 3329 ab

189 3372 317 3441 Amulio
348 3369 471 3438 auditas
501 3371 754 3438 accurretissime
784 3371 915 3448 reserat,
946 3369 1041 3436 etiam
1072 3370 1141 3456 ejus
1173 3370 1202 3434 in

191 3479 352 3546 itineribus
372 3476 521 3543 comitem
536 3491 631 3565 atque
649 3498 688 3543 ex
706 3475 959 3542 ministerialibus
979 3476 1076 3561 regiis
1094 3476 1201 3540 luisse.

191 3587 294 3664 Quam
318 3582 454 3651 eandem
475 3583 658 3670 opinionem
678 3594 807 3649 secutus
831 3580 1003 3649 llckhartus
1024 3582 1051 3667 ²)
1076 3579 1203 3646 cancel-

188 3691 283 3760 larios
308 3691 396 3776 ipsos
419 3691 601 3775 Aspertum,
634 3689 848 3776 Wicbingum,
878 3687 1121 3774 Engilperonem
1147 3707 1202 3750 an-

188 3797 277 3864 nales
301 3796 371 3862 illos
394 3795 617 3880 composuisse
642 3795 795 3882 conjecit,
826 3793 916 3859 nullis
939 3792 1005 3858 aliis
1028 3790 1202 3858 rationibus

188 3901 271 3967 banc
293 3921 360 3967 rem
382 3912 630 3986 argumentatus.
664 3902 863 3990 Quamquam
886 3918 925 3965 ex
945 3896 1102 3963 nonnullis
1127 3915 1202 3962 auc-

188 4008 267 4073 toris
290 4005 388 4071 nostri
410 4005 517 4073 verbis
541 4018 684 4094 apparet,
710 4024 906 4092 sumopere
931 4003 1089 4084 conlecto,
1114 4021 1203 4068 com-

186 4163 388 4178 ——n-

260 4246 284 4315 l)
320 4247 446 4314 ss.1,p.
467 4257 525 4302 339.
613 4255 639 4316 2)
677 4254 1035 4316 commensurantes.
