2796 4958
543 687 619 757 len

75 871 215 948 pugnat,
246 879 331 950 quae
359 880 379 926 a
412 860 621 948 scriptoribus
651 881 758 928 rernm
789 861 959 929 traduntur.
1007 865 1086 930 Ger-

74 966 160 1031 mani
191 965 298 1053 inopia
331 965 514 1033 laborantes
543 978 575 1034 et
607 986 626 1033 a
653 965 757 1034 reditu
786 987 893 1054 paene
917 969 1083 1053 interclusi,

76 1090 159 1137 cnm·
179 1071 381 1158 dgeltrudam
411 1073 509 1139 Roma
541 1073 671 1159 potitam
701 1093 775 1139 esse
805 1072 966 1152 audirent,
996 1096 1083 1144 surn-

75 1199 161 1243 mnm
188 1179 218 1244 in
241 1176 411 1244 discrimen
433 1178 561 1245 adducti
586 1189 666 1245 sunt.
716 1180 748 1244 ln
777 1201 841 1269 qna
861 1180 1005 1247 fortunae
1028 1182 1080 1248 di·

73 1284 260 1362 minatione,
295 1296 462 1375 postquam
493 1283 638 1350 Arnulfus
667 1284 798 1351 consilio
829 1306 901 1352 cum
933 1287 1078 1355 militibus

73 1401 148 1455 aute
171 1388 283 1457 urbem
307 1390 414 1458 habito
437 1411 510 1457 eam
533 1399 607 1477 post
629 1401 694 1456 tres
713 1388 985 1479 diesexpugnare
1001 1413 1079 1460 con·
1152 1470 1155 1475 .

72 1495 178 1572 stituit,
209 1498 290 1574 „liei
313 1511 388 1563 nutu
413 1497 615 1564 contentione
645 1495 725 1562 inter
753 1495 940 1565 obsidentes
964 1510 996 1565 et
1019 1501 1077 1568 ob-

71 1620 186 1668 sessos
208 1602 313 1670 subito
336 1605 482 1682 exorta”,
515 1601 672 1667 exercitus
695 1603 790 1668 iratus
815 1602 895 1670 ultro
919 1604 1076 1672 civitatem

72 1708 245 1774 Laouinam
266 1711 433 1797 repentino
456 1710 573 1797 impetn
598 1710 697 1797 cepit,
726 1707 838 1774 nullius
861 1711 996 1777 hominis
1019 1711 1077 1779 de·

71 1813 251 1880 trimentum
274 1835 398 1902 passus,
423 1836 485 1904 qna
505 1826 663 1901 occupata
681 1835 721 1881 ea
739 1835 868 1904 quoque
886 1837 969 1903 pars,
993 1836 1079 1906 qnae·

70 1921 218 1986 sinistrae
240 1921 361 1987 'liberis
391 1922 480 2007 ripae
510 1919 694 2008 adjacebat,
723 1920 807 1988 haud
839 1921 954 1989 diutius
984 1925 1075 1990 resti-

69 2027 109 2090 tit
136 2025 170 2112 ¹).
215 2028 441 2104 llomanornm,
472 2027 524 2116 qui
556 2047 672 2114 magna
703 2047 742 2091 ex
769 2037 861 2113 parte
884 2029 952 2093 sine
977 2028 1074 2097 dubio

68 2134 140 2221 regi
174 2145 284 2200 nostro
318 2131 481 2210 favebant,
519 2132 739 2198 defensionem
774 2154 837 2199 non
871 2132 1073 2201 fortissimam

69 2238 176 2313 fuisse,
201 2239 380 2326 berengarii
404 2238 626 2327 panegyristes
648 2237 757 2303 testari
780 2237 904 2304 videtur
923 2238 965 2324 ²),
1000 2260 1073 2307 oum

69 2366 130 2414 eos
152 2348 264 2414 timore
274 2345 396 2420 ,ductos
412 2365 470 2411 sua
485 2354 600 2430 sponte
616 2341 760 2409 hostibus
777 2353 886 2430 portas
908 2345 1073 2432 aperuisse

70 2453 178 2520 dicate
202 2451 421 2539 liudprandes
452 2471 530 2518 vero
561 2448 701 2537 lepidam
732 2448 829 2517 refert
857 2452 1074 2518 narratiuncu-

66 2559 132 2625 lam
150 2560 179 2646 ⁸)
208 2558 250 2626 do
285 2555 451 2646 lepusculo
488 2555 530 2623 ad
567 2556 679 2623 urbem
710 2559 954 2643 expugnandam
990 2556 1074 2624 duce

69 2676 263 2755 praeeunte,
296 2685 357 2754 qua
387 2661 524 2730 manime
547 2663 646 2728 veteri
669 2661 838 2728 fortitudini
862 2665 1074 2730 Romanorum

68 2783 147 2839 tuno
176 2772 298 2860 ignavia
330 2771 495 2858 insignium
528 2768 673 2834 irridetur
697 2772 742 2846 ⁴),
772 2767 856 2833 sellis
888 2767 1073 2856 clitellisqne

69 2878 268 2946 coacervatis
292 2877 417 2943 moenia
441 2893 578 2942 ascensa
597 2894 680 2951 esse,
703 2871 865 2959 adjiciens.
907 2873 1003 2959 Cujus
1027 2873 1073 2938 rei

70 3007 111 3052 ex
132 2983 253 3073 vulgari
278 3002 405 3049 rumore
428 2981 560 3046 haustae
578 2982 672 3046 etiam
688 2977 878 3045 Benedictus
895 2980 1072 3046 monachus

69 3089 219 3160 coenobii
244 3090 288 3156 St.
307 3087 453 3155 Andreae
482 3087 512 3152 in
544 3098 651 3154 monte
675 3088 809 3153 Soracte
841 3085 968 3164 conditi,
1001 3107 1075 3153 sae-

70 3198 143 3266 culo
166 3198 191 3264 X
214 3204 359 3272 exeunte,
389 3193 437 3260 his
461 3193 566 3259 verbis
591 3202 621 3273 ⁵)
644 3192 837 3260 mentionem
861 3192 967 3259 infert:
999 3193 1074 3271 „ct-
1120 3225 1121 3228 ¹

69 3305 150 3372 vitas
171 3302 332 3369 Leoniana
355 3337 398 3348 -
421 3309 516 3387 capta
539 3301 638 3367 fuistis
662 3322 681 3366 a
704 3299 888 3366 Sarracenis
912 3307 944 3364 ct
967 3297 1073 3364 alieni·

70 3473 270 3488 μ

142 3557 169 3630 t)
206 3563 272 3613 Anu.
285 3560 356 3611 Fuld.
370 3563 431 3624 896,
449 3559 554 3622 Liudpr.
573 3561 591 3619 l,
611 3563 653 3620 27,
672 3560 741 3623 Reg,
761 3561 822 3621 896,
840 3557 905 3606 Anu.
919 3555 1000 3605 Alam.
1014 3558 1074 3606 896.

143 3646 170 3717 2)
193 3650 257 3710 tlt,
284 3651 331 3700 ttt
360 3661 417 3712 sqq.
459 3648 517 3698 lam
543 3649 604 3711 quia
627 3650 703 3709 perta
732 3646 781 3696 sibl
804 3644 976 3708 speculantur
999 3645 1072 3708 nigra

70 3743 189 3808 quirites,
207 3738 328 3802 Undique
341 3737 450 3787 dissutis
461 3739 582 3786 reserant
593 3733 772 3798 penetralibus
794 3732 895 3795 urbem,
915 3732 1073 3781 Admittunt·

69 3843 123 3896 qua
141 3830 225 3880 duces
242 3824 396 3878 ‘veneranda
415 3824 451 3874 ad
470 3821 578 3873 delubra
597 3820 701 3872 mites“.
718 3846 751 3858 ·-

143 3916 169 3978 t)
206 3916 222 3965 l.
239 3915 255 3964 l.
273 3914 319 3965 cfr.
336 3907 443 3975 Koepke
462 3911 496 3960 de
514 3911 619 3974 Liudpr.
639 3923 664 3972 p.
684 3913 725 3959 lt.

144 4004 169 4066 l)
205 4003 279 4053 Liud.
296 4000 315 4064 l,
336 4006 377 4050 tn.
416 3999 478 4064 „His
497 4001 566 4046 torta
586 3997 701 4048 studium
720 3997 832 4062 pingues
851 3998 958 4059 captare
979 3996 1073 4046 siluros

71 4093 212 4157 cannabo,
246 4104 300 4141 non
324 4090 424 4153 clipeos
456 4085 581 4136 manibus
606 4087 710 4149 gestare
740 4082 891 4135 mloanlas“
915 4083 963 4134 cfr.
987 4070 1074 4147 Lega-
1166 4078 1170 4083 “

71 4185 107 4234 lio
127 4197 150 4234 c.
173 4185 213 4232 ¹2.

145 4266 171 4336 b)
212 4265 287 4319 Perlz
307 4266 350 4315 SS.
372 4264 413 4326 111,
434 4264 483 4313 'ill
507 4274 529 4312 c.
550 4264 591 4313 30.
