2796 4958
772 602 853 670 *loo

310 795 459 843 reversus
481 776 636 856 „contulit
658 787 757 843 totum
779 776 885 864 palatii
916 777 1098 855 omotum’',
1128 774 1219 862 cujus
1250 792 1321 840 mo-

312 883 433 950 nacbos
462 882 551 969 regia
578 881 743 970 largitione
773 882 889 950 ditatos
922 884 1045 971 magnis
1074 893 1149 949 tunc
1182 880 1320 947 valuisse

313 988 438 1076 opibus,
468 1011 506 1056 ex
530 1009 570 1056 eo
595 1010 724 1078 quoque
747 999 851 1077 patet,
881 989 969 1078 quod
992 989 1172 1056 Ludovicus
1201 987 1237 1052 lV
1267 984 1320 1051 uni

315 1117 426 1163 eorum
450 1095 652 1183 Ekkeprehto
682 1095 707 1181 ¹)
731 1095 880 1183 jugerum
902 1095 1003 1162 vincis
1025 1095 1181 1162 consitum
1206 1102 1317 1158 contra

312 1203 456 1289 regulam
480 1201 617 1268 donavit.
651 1201 856 1268 llatisbonam
871 1221 948 1268 vero
969 1200 1092 1278 urbem,
1115 1201 1318 1284 Emmerpmo

315 1309 467 1395 imprimis
504 1317 725 1375 consecratam
744 1308 772 1394 ¹)
805 1305 950 1373 Amulius
982 1308 1118 1372 maxime
1152 1302 1320 1380 adamavit,

314 1414 422 1503 ibique
453 1414 667 1480 creberrimus
704 1412 894 1479 morabatur.
954 1409 1156 1477 Concubinas
1190 1408 1320 1497 quidem

316 1520 498 1607 complures
534 1519 656 1598 habuit,
688 1531 723 1585 ut
759 1519 811 1607 qui
848 1519 891 1585 ab
922 1516 1110 1584 Ekkebardo
1128 1518 1156 1602 ⁸)
1191 1533 1322 1602 quoque

314 1623 409 1691 filiam
434 1626 561 1693 notham
584 1625 764 1692 Salomonis
788 1624 934 1712 episcopi
963 1621 1030 1702 „ad
1053 1621 1241 1709 amplexus”
1268 1639 1323 1706 pe-

314 1730 422 1798 tivisse
446 1752 485 1798 ao
507 1731 667 1818 repulsam
690 1731 800 1797 tulisse
824 1741 976 1809 narretur,
998 1728 1058 1795 sed
1082 1727 1145 1794 hoc
1168 1737 1201 1792 et
1223 1725 1324 1792 omni-

313 1834 377 1902 bus
401 1837 531 1916 Carolis,
563 1836 679 1903 Carolo
699 1838 813 1923 Magno
837 1837 909 1923 ipso
932 1858 995 1903 non
1025 1843 1178 1920 excepto,
1209 1831 1323 1918 culpae

316 1952 366 2007 est
390 1941 529 2009 dandum
562 1953 595 2009 et
624 1944 737 2009 aetatis
768 1941 847 2008 illius
876 1941 1018 2009 moribus
1039 1940 1133 2007 valde
1157 1936 1324 2023 corruptis,

317 2047 369 2136 qui
395 2049 424 2115 in
448 2047 589 2116 conciliis
611 2050 740 2136 saepius
765 2049 902 2136 graviter
925 2048 1127 2134 castigantur,
1157 2053 1325 2110 consenta-

316 2172 422 2219 neum.
438 2154 591 2221 lustitiam
602 2176 657 2222 rex
669 2177 732 2221 non
745 2175 876 2243 semper
887 2175 1036 2221 servasse
1047 2151 1180 2228 videtur,
1194 2169 1268 2216 cum
1281 2149 1327 2214 in-

318 2258 443 2324 terdum
458 2261 567 2328 lavore
584 2260 783 2348 quorundam
801 2261 961 2327 hominum
982 2260 1097 2326 ductus
1117 2258 1184 2324 aliis
1199 2255 1326 2343 injurias

317 2365 456 2442 inferret,
476 2367 587 2454 quales
611 2368 779 2454 adalgario
803 2366 1035 2453 Hamburgensi
1054 2377 1150 2453 atque
1168 2363 1327 2448 Egilmaru

320 2470 582 2558 Osnabruggensi
596 2473 767 2559 episcopis.
791 2472 983 2539 Fortitudine
999 2483 1087 2539 certe
1100 2489 1225 2538 summa
1239 2489 1258 2535 a
1271 2487 1328 2555 pa·

321 2573 420 2640 tribus
432 2588 566 2664 accepta
581 2579 733 2654 excelluit,
752 2579 842 2665 cujus
856 2579 952 2646 ductu
964 2591 997 2646 et
1009 2581 1108 2646 Roma
1118 2575 1196 2643 urbs
1206 2594 1328 2661 expug-

320 2692 394 2746 nata
413 2694 462 2749 est
476 2694 508 2749 et
520 2685 690 2750 Normanni
706 2684 780 2751 loco
796 2686 1003 2751 munitissimo
1015 2684 1046 2750 in
1058 2684 1164 2770 lugam
1182 2679 1328 2746 conversi

321 2799 394 2853 sunt
404 2800 435 2855 et
448 2788 523 2855 dum
536 2792 605 2878 ipse
619 2791 806 2879 morbojam
821 2791 1015 2878 opprimitur,
1036 2799 1147 2854 auctor
1164 2784 1328 2852 seditionis

321 2893 353 2958 in
370 2894 516 2961 ordinem
534 2909 665 2962 coactus
680 2907 736 2963 est.
759 2899 826 2963 Noc
844 2897 988 2986 quamvis
999 2898 1168 2982 optimates
1181 2911 1330 2977 magnam

321 3004 509 3068 necessario
539 3023 645 3069 rerum
677 3024 852 3090 progressu
890 3002 1096 3088 arripuissent
1127 3008 1331 3086 potestatem,

323 3106 543 3172 auctoritatem
579 3109 648 3195 ejus
678 3110 708 3173 in
739 3109 873 3195 imperio
901 3111 990 3195 parvi
1018 3106 1215 3171 aestimatam
1246 3121 1331 3178 esse,

324 3228 396 3276 cum
427 3212 547 3279 fortiter
576 3213 720 3294 homines
752 3214 919 3280 turbulenti
953 3232 992 3278 ao
1021 3211 1164 3277 seditiosi
1192 3207 1331 3294 compri-

323 3328 503 3397 merentur,
536 3319 708 3408 quaerelae
742 3319 862 3385 docent
894 3319 1017 3385 concilii
1056 3313 1331 3404 Magantiacensis,

324 3423 486 3491 Triburiae
510 3445 712 3514 nequaquam
738 3426 804 3512 pari
823 3424 929 3491 studio
950 3424 1120 3509 repetitae3
1144 3421 1228 3486 multi
1247 3419 1332 3487 enim

326 3529 386 3594 sub
411 3551 452 3597 eo
477 3537 580 3598 motus
604 3532 685 3598 allati
709 3543 781 3598 suot
801 3531 1005 3619 reipublicae,
1030 3530 1081 3617 qui
1099 3527 1243 3616 prolecto
1267 3546 1332 3591 non

327 3654 439 3702 omnes
463 3638 493 3701 in
516 3649 659 3703 nostrum
683 3650 835 3703 venerunt
858 3638 1013 3715 notitiam,
1044 3634 1102 3700 sed
1127 3632 1231 3699 cuncti
1255 3630 1336 3696 inle-

328 3739 421 3807 lioem
451 3754 483 3808 et
512 3744 648 3810 consciis
681 3763 791 3811 eorum
828 3744 955 3811 fatalem
992 3740 1169 3808 babuerunt
1207 3739 1333 3804 exitum.

403 4018 427 4076 1)
464 4019 533 4067 llon.
550 4020 613 4069 uoto
639 4018 726 4080 XXXI,
748 4024 796 4070 165
818 4016 962 4081 (Boehmer
983 4016 1076 4081 1181).

402 4105 428 4164 2)
466 4105 561 4155 Herim.
575 4108 672 4157 Chron.
682 4112 732 4158 90⁰
746 4104 935 4174 „Ratisbonae,
949 4109 992 4160 ubi
1006 4107 1169 4172 frequentius
1186 4100 1337 4154 manebat.“

402 4191 430 4256 3)
470 4188 725 4257 Pertzss.11‚oa.
