2796 4958
198 873 261 918 nou
283 848 388 915 subn
414 848 533 923 laicos,
563 842 690 932 legitis
719 848 929 933 coempto,
959 845 1057 912 multa
1086 845 1216 912 nefaria

196 968 387 1046 perpetrare
408 954 560 1027 tanim
590 971 703 1016 rerum
724 953 822 1017 etiam
844 953 1034 1018 clericorum
1055 951 1209 1018 ordinem

197 1061 292 1128 raris
314 1074 349 1127 et
369 1060 493 1146 magnis
516 1057 650 1123 mamlis
670 1078 748 1123 esse
769 1079 948 1144 aspersum,
976 1059 1113 1146 ejusque
1137 1057 1209 1124 dis·

198 1168 316 1255 ciplina
335 1167 519 1233 mittuntur
530 1164 672 1250 inprimis
684 1177 847 1250 oponere.
884 1166 1043 1242 Quaeres
1064 1185 1211 1254 sequen·

196 1273 283 1340 tibus
317 1271 475 1359 agebatur
507 1269 636 1335 edictis:
676 1271 902 1358 „Quicumque
936 1271 1111 1361 presbyter
1146 1292 1210 1358 per

197 1379 333 1467 pretium
355 1376 527 1443 ecelesiam
550 1374 643 1441 luerit
664 1376 812 1463 adeptos
845 1375 1038 1442 omnimodis
1059 1377 1210 1463 depona-

198 1493 283 1551 tur“.
339 1482 476 1562 („Qnod
505 1482 612 1546 vitium
645 1480 709 1546 late
742 1481 908 1561 diffusum
940 1503 1066 1548 summo
1098 1481 1209 1548 studio

198 1588 436 1656 emendandum
464 1587 573 1671 (Μ)
600 1586 642 1671 (u
665 1588 716 1668 V);
748 1599 807 1663 ,nt
836 1589 961 1653 clericis
990 1587 1208 1664 mterrlicmor,

196 1695 349 1761 mulieres
371 1694 402 1758 in
425 1692 525 1759 domo
555 1713 614 1756 sua
645 1691 807 1767 naheren
840 1692 973 1780 adquod
997 1706 1208 1780 paeceptum

197 1801 282 1866 hanc
313 1799 468 1865 rationem
502 1808 680 1863 memoratu
715 1797 845 1885 dignam
879 1811 989 1885 paves
1017 1799 1204 1886 subjiciunt:

199 1924 325 1991 „saepe
346 1904 533 1980 audivimus,
553 1938 597 1952 -
619 1902 753 1989 plurima
775 1903 902 1970 scelera
922 1925 1000 1971 esse
1022 1907 1206 1982 00me

198 2012 242 2078 ita
264 2023 297 2076 ut
319 2010 451 2098 quidam
473 2008 679 2076 sacerdotum
695 2027 768 2072 cum
784 2010 924 2095 propriis
939 2011 1106 2078 sororibus
1127 2032 1207 2078 con-

198 2115 389 2184 cumbentes
416 2114 499 2184 lilios
532 2136 573 2181 ex
602 2115 650 2180 eis
677 2122 913 2201 generassent“
942 2119 988 2194 (c.
1010 2118 1060 2198 X).
1113 2116 1207 2182 torte

197 2221 285 2312 qood
309 2221 478 2289 concilium
501 2221 801 2309 quoqnellettense
823 2219 1048 2287 sacerdotibus
1066 2223 1205 2312 aliquam

196 2329 346 2395 feminam
367 2348 427 2393 seu
449 2339 582 2391 matrem
607 2347 665 2391 seu
688 2345 835 2391 sororem
856 2345 969 2391 secum
996 2326 1120 2394 habere
1148 2349 1206 2395 ve-

197 2435 281 2509 tavit,
305 2445 339 2497 ut
362 2432 568 2507 „auferentes
594 2451 725 2497 omnem
747 2432 954 2497 occasionem
976 2446 1119 2511 satanae,
1149 2455 1207 2500 an·

197 2538 333 2626 gelisam
356 2539 450 2603 vitam
474 2536 664 2601 ducerent“.
711 2539 742 2601 ln
773 2535 891 2604 eodem
922 2537 1047 2604 clericis
1075 2540 1205 2605 interdi-

197 2656 283 2710 ctum
306 2656 364 2721 est,
396 2665 437 2708 ne
464 2643 577 2708 armati
600 2640 804 2719 incederent,
833 2641 884 2707 vel
911 2645 1101 2710 vestimentu
1122 2645 1204 2712 laica

195 2748 380 2829 induerent,
413 2750 456 2827 ,i
481 2769 509 2813 e.
545 2759 650 2813 cottos
682 2747 732 2813 vel
768 2748 936 2814 mantellos
963 2750 1033 2814 sine
1062 2759 1205 2838 cappa“,

197 2857 295 2944 „quia
318 2867 352 2921 et
377 2854 506 2942 grandis
528 2853 640 2920 levitas
669 2864 752 2931 erat,
783 2864 816 2918 et
845 2855 984 2940 gravitas
1013 2857 1062 2922 vel
1091 2858 1204 2944 religio

195 2960 352 3027 clericalis
372 2961 465 3026 nimis
478 2960 510 3024 in
528 2958 644 3024 talibus
658 2958 726 3023 vilis
740 2957 970 3027 efficiebatur“.
1012 2963 1111 3028 Porro
1124 2984 1206 3050 pon·

194 3063 498 3151 tilicesllaguutiaci
512 3064 698 3150 congregati
721 3078 894 3130 sanxerunt
907 3065 1024 3144 edicto,
1047 3088 1088 3133 ne
1112 3089 1205 3155 pres·

194 3169 291 3260 byter
313 3169 469 3236 adversus
491 3169 697 3255 episcopum,
725 3168 881 3237 diaconus
904 3173 935 3236 in
967 3171 1205 3262 presbyterum,

193 3275 412 3343 subdiaconus
440 3276 470 3340 in
498 3273 686 3351 diaconum,
716 3275 884 3364 acolythus
907 3279 937 3342 in
959 3278 1204 3360 subdiaconum,

192 3383 350 3450 exorcista
373 3382 404 3448 in
428 3379 627 3469 acolythum,
655 3379 756 3446 lector
779 3381 808 3444 in
833 3385 1032 3461 exorcistam,
1055 3387 1204 3453 ostiarius

192 3487 223 3554 iu
245 3486 400 3554 lectorem
421 3486 660 3552 accusationem
677 3487 814 3574 aliquam
830 3487 1003 3556 adornaret
1025 3490 1106 3576 (can.
1127 3493 1202 3576 Xll);

192 3603 385 3659 renovarunt
419 3591 514 3657 etiam
545 3591 664 3676 legem,
697 3613 775 3678 qua,
808 3595 977 3679 quominus
1008 3595 1203 3664 sacerdotes

192 3717 311 3765 uxores
340 3695 513 3773 ducerent,
549 3696 783 3783 impediebatur
810 3705 853 3776 (c
877 3700 964 3778 xtx).
1014 3702 1202 3791 Priusquam

191 3802 337 3889 episcopi
360 3801 443 3869 hace
467 3800 688 3880 decernerent,
717 3804 854 3869 animum
878 3806 982 3892 regis,
1015 3808 1085 3873 sine
1108 3811 1202 3896 cujus

192 3907 377 3994 adjumento
402 3909 507 3974 omnia
532 3927 614 3973 vana
638 3920 754 3986 essent,
777 3930 916 3976 necesse
941 3924 1018 3991 erut,
1041 3913 1083 3978 ad
1107 3935 1200 3981 suam

191 4011 372 4100 perducere
394 4015 583 4082 seutentiam
613 4025 827 4092 tentaverunt,
857 4037 928 4081 euru
960 4017 1133 4098 exhortati,
1166 4013 1204 4086 ut

191 4138 269 4206 prae
293 4117 441 4186 omnibns
460 4119 610 4207 justitiam
628 4119 773 4207 diligeret
788 4121 983 4210 coleretque,
1006 4145 1069 4212 qua
1091 4127 1119 4192 si
1144 4146 1200 4192 ca·

187 4237 281 4304 reret,
305 4245 395 4306 „non
420 4246 476 4292 rex
498 4224 557 4292 sed
583 4233 760 4316 tyrannus“
785 4239 872 4294 esset
895 4229 1068 4299 vocandus.
1115 4231 1199 4298 Eun-
