2796 4958
80 848 231 895 camerae
263 818 456 911 nuntiorum,
491 854 624 920 qnorum
651 831 791 909 reditus,
828 849 901 896 cum
933 849 972 896 ex
997 827 1089 898 bonis

75 935 170 1022 regiis
195 937 430 1024 perciperetur,
461 938 625 1026 largitione
650 939 700 1005 illa
724 936 898 1004 admodum
922 934 1088 1005 deminue-

72 1039 167 1106 batur
188 1041 222 1126 ¹).
280 1044 440 1130 Episcopo
473 1045 566 1132 igitur
600 1045 660 1111 vim
696 1042 816 1112 allaturi
853 1043 881 1107 ei
913 1041 1084 1130 aliquando

73 1167 145 1212 curn
171 1169 265 1213 manu
290 1163 481 1217 armatorum
506 1162 601 1217 noctu
618 1159 873 1238 supervenerunt
890 1147 949 1214 sed
968 1148 1082 1216 frustra

71 1274 144 1319 eum
185 1255 214 1319 in
252 1254 365 1322 vallem
393 1255 563 1322 Turbatam
593 1256 813 1338 (Turbentlral)
846 1255 1081 1342 confugientem

70 1360 203 1427 insecuti
236 1373 314 1427 sunt.
368 1362 432 1428 Etsi
456 1373 570 1448 postea
592 1382 632 1428 eo
655 1373 776 1428 tantum
799 1361 1026 1427 interveniente
1048 1361 1078 1426 in

67 1467 153 1554 regis
189 1467 321 1554 gratiam
355 1466 533 1546 redierunt,
571 1468 716 1555 sequenti
760 1485 890 1556 quoque
932 1477 1077 1553 ternpore

68 1593 229 1637 summam
251 1575 283 1639 in
308 1593 381 1638 enm
404 1559 610 1651 inimicitiam,
634 1573 712 1660 ipsis
736 1584 899 1661 postremo
920 1571 1078 1657 pernicio·

67 1698 137 1741 sam
162 1687 380 1744 exercuerunt.
403 1714 446 1726 -

153 1782 297 1849 Amulius
320 1781 458 1850 natalem
480 1783 604 1850 Domini
628 1806 654 1850 a.
680 1782 748 1850 890
770 1781 963 1852 Ratisbonae
988 1783 1073 1850 cele-

64 1886 173 1966 bravit,
195 1890 287 1976 enjus
310 1889 442 1956 civitatis
463 1889 684 1977 episcopatum
705 1903 789 1963 tunc.
813 1882 1024 1954 limbrichone
1044 1888 1072 1974 ²)

65 1992 116 2058 die
143 1992 192 2060 ll.
215 1994 284 2060 Julii
307 2017 347 2062 m.
372 2015 399 2062 a.
423 1993 486 2062 891
513 2007 638 2065 mortuo
660 1996 702 2085 ⁸),
733 1999 885 2084 dspertus
916 1994 1071 2062 diaconus

64 2110 96 2164 et
125 2100 232 2187 regius
265 2101 475 2168 cancellarius
505 2103 648 2191 suscepit
668 2106 703 2188 ⁴).
763 2101 844 2170 Urbs
878 2120 956 2166 vero
992 2102 1070 2186 ipsa,

61 2226 157 2293 quarn
180 2226 236 2272 rex
260 2209 437 2296 praecipue
460 2206 620 2295 diligebat,
647 2213 688 2276 10
709 2209 761 2278 die
776 2211 853 2295 Aug.
869 2228 909 2271 m.
933 2225 1070 2294 „excep

60 2312 99 2377 tis
129 2311 276 2379 domibus
299 2314 344 2379 Sti
368 2315 593 2381 Emmerammi
623 2317 772 2406 martyris
798 2308 831 2380 et
860 2310 1067 2379 ecclesiast.

60 2418 224 2484 Cassiani''
246 2430 312 2485 tota
328 2420 478 2488 incendio
501 2411 690 2510 consumpta
713 2433 763 2488 est
782 2420 818 2506 ⁸).
852 2419 972 2485 Eodem
988 2439 1067 2505 quo·

60 2543 123 2610 que
146 2544 229 2590 anno
249 2524 389 2603 ernulfo,
413 2525 489 2593 dum
512 2526 544 2594 iu
568 2546 620 2594 res
635 2527 811 2594 Moravieas
834 2545 962 2591 omnem
987 2544 1066 2612 ope-

58 2648 127 2695 ram
148 2629 287 2709 conlert,
311 2631 442 2700 occasio
465 2629 599 2699 offertur
620 2644 731 2699 contra
754 2632 963 2707 Normannns,
987 2648 1075 2716 quo:

56 2757 127 2801 rum
151 2748 253 2802 metus
277 2737 318 2803 ad
344 2737 490 2805 Carolum
515 2737 737 2826 expellendum
760 2733 890 2801 multum
913 2736 1065 2813 attulerat,

55 2842 239 2929 speciminis
275 2843 461 2910 fortitudinis
493 2843 597 2912 dandi.
649 2845 742 2922 Quae
769 2841 956 2908 saevissima
985 2835 1064 2927 gens

50 2947 120 3034 jam
140 2945 260 3013 dudum
279 2951 431 3017 Franciae
449 2949 640 3017 occidentali
665 2948 818 3016 maximas
844 2945 1063 3013 latrocinando

56 3052 167 3142 plagas
192 3052 350 3143 infligens,
381 3077 466 3146 quae
497 3068 530 3123 et
562 3057 717 3145 majorem
739 3051 887 3143 praebuit
909 3051 1062 3140 praedam

55 3170 87 3224 et
112 3160 252 3228 minores
275 3161 384 3229 habuit
407 3162 448 3229 ad
472 3162 684 3231 resistendum
707 3165 800 3240 vires,
824 3180 852 3226 a.
868 3156 936 3226 864
959 3159 1061 3246 primo

52 3265 84 3330 in
107 3265 273 3334 interiores
297 3269 487 3337 Germaniae
510 3282 617 3358 partes
641 3267 682 3336 ad
700 3270 834 3336 xantum
858 3284 961 3353 usque
984 3283 1061 3349 pro-

52 3372 152 3436 cessit
169 3371 196 3459 ⁸)
219 3392 258 3440 nc
280 3375 426 3463 sequenti
446 3387 602 3464 tempore,
625 3375 785 3444 Senoniae
809 3382 841 3436 et
863 3369 979 3435 Frisiae
1003 3363 1060 3434 orn

53 3476 188 3544 maxime
218 3476 365 3547 afflictata
395 3481 525 3567 saepius
556 3482 613 3548 has
645 3481 824 3547 invasiones
846 3473 1000 3562 repetivit.
1026 3472 1073 3553 nl,

52 3582 167 3670 quibus
189 3603 216 3649 a.
239 3582 307 3651 880
331 3597 448 3653 tantam
472 3587 597 3656 cladem
621 3588 765 3654 Saxones
788 3590 998 3668 acceperunt,
1027 3588 1060 3644 ut

49 3709 114 3754 uno
138 3688 261 3775 proelio
286 3691 353 3759 duo
375 3693 538 3781 episcopi,
563 3691 734 3761 duodecim
758 3688 908 3768 comites,
944 3684 984 3754 18
1007 3705 1058 3751 sa-

48 3869 248 3880 -ῂ

123 3973 148 4043 t)
188 3976 337 4028 Ellehard.
353 3991 378 4040 p.
399 3981 535 4030 ee-at.
609 3977 638 4045 2)
673 3975 828 4031 Annl'uld.
848 3977 909 4026 891.

119 4065 146 4126 3)
184 4065 322 4130 Necrolog.
341 4067 377 4116 Sti
399 4067 556 4117 Emmernmi
575 4065 654 4130 (Mon.
672 4069 751 4119 Boica
770 4066 833 4126 xlv,
854 4067 904 4113 ³6³
924 4058 995 4125 sqq.)

120 4150 148 4212 t)
184 4153 251 4204 dnn.
270 4154 306 4204 St.
328 4154 520 4206 Emmernmrni.
595 4156 620 4217 5)
655 4157 721 4205 Anu.
740 4155 812 4205 Fnld.
831 4155 891 4202 att.

120 4238 146 4299 t)
184 4241 249 4290 Anu.
267 4242 344 4293 Xant.
363 4257 386 4294 a.
406 4247 466 4307 stt,
488 4241 626 4306 Hincmar,
647 4246 706 4294 tot.
