2796 4958
556 646 608 714 81

79 834 202 890 rectam
215 822 346 889 Hunnos
369 832 516 889 vocatam
538 821 635 887 tuisse
658 818 805 896 nesciret,
829 836 935 882 rorum
958 808 1083 883 altario
1169 885 1171 891 ,

79 942 111 994 ot
134 928 312 995 Alexandro
335 939 496 1015 gestarum
509 925 594 992 benc
609 945 727 1012 gnarus
748 923 781 1006 ¹),
806 943 846 988 ex
858 922 991 989 oonsilio
1003 942 1083 1010 quo·

78 1035 152 1099 dam
182 1046 275 1100 antea
299 1035 451 1100 meditato
480 1052 612 1098 avorum
639 1051 769 1095 suorum
800 1048 934 1114 regnum
964 1040 997 1093 et
1019 1029 1081 1094 boc

76 1140 180 1205 solum
201 1140 238 1227 ²),
261 1139 347 1228 quod
372 1161 467 1228 quam
491 1139 553 1202 tate
577 1136 714 1224 patuerit
738 1135 865 1202 tabulae
888 1134 1082 1220 geographi·

76 1266 138 1311 cao
160 1267 234 1311 eum
258 1245 409 1313 docuisse
429 1243 584 1320 videntur,
608 1239 864 1326 recuperandum
888 1245 1080 1326 aggreditur.

75 1351 200 1438 Ubique
232 1352 409 1438 legatione-s
440 1350 598 1414 exercitus
626 1347 719 1432 hujus
748 1346 835 1430 rogis
865 1345 1079 1415 humanissimi

74 1469 247 1542 praeeunt,
276 1457 345 1542 qui,
378 1457 562 1541 priusquam
585 1453 681 1518 armis
706 1450 756 1515 itte
775 1450 827 1536 jus
853 1471 945 1518 suum
970 1473 1081 1539 perse-

74 1574 198 1648 quatur,
222 1560 329 1626 verbis
360 1558 502 1643 pacificis
525 1560 709 1632 invasores..
731 1568 766 1622 ut
787 1575 868 1651 (utrm¹
883 1557 953 1622 sinc
976 1559 1080 1625 caede

75 1665 213 1731 reddant
242 1664 407 1730 adducore
435 1674 562 1730 tentant.
610 1665 741 1728 Praetor
768 1651 922 1748 originem
951 1665 1078 1750 Arpadii

74 1769 116 1834 ab
132 1770 219 1835 Attila
244 1768 621 1855 deducendampoetica
644 1786 773 1855 quoque
792 1765 907 1845 tabuta,
931 1783 972 1834 ex
995 1771 1076 1858 vulgi

74 1895 202 1940 rumore
224 1876 345 1952 bansta,
376 1896 471 1962 quam
496 1875 591 1940 etiam
615 1871 702 1959 apud
724 1872 933 1938 Thuroczium
956 1879 1077 1961 reperi·

57 1973 143 2046 ¹mus
162 1981 190 2066 ⁸)
221 1979 262 2046 de
286 1982 447 2047 Pannonia
477 1977 715 2065 aSuatopluco
747 1978 819 2065 equi
851 1978 937 2047 dono
961 1995 1077 2069 empta,

71 2106 251 2175 anonymus
283 2098 392 2152 noster
426 2107 560 2174 magnus
593 2085 671 2151 alias
703 2087 890 2148 rusticarum
922 2108 1075 2173 nugarum

72 2203 283 2279 contemptor,
307 2193 380 2278 quia
405 2192 570 2259 consitium
595 2210 688 2256 suum
710 2188 891 2274 adjuvabat,
915 2191 956 2256 ud
981 2193 1078 2262 bisto-

70 2298 149 2363 riam
175 2319 246 2364 eam
267 2297 496 2373 accomodans.
514 2295 556 2361 ad
570 2296 767 2382 Ungarorum
787 2295 840 2381 jus
855 2295 1077 2368 demonstran-

72 2401 147 2468 dum
171 2425 247 2469 usus
271 2414 321 2469 ost
340 2404 376 2489 ⁴).
422 2413 460 2468 At
482 2422 523 2467 nc
547 2402 595 2466 bis
618 2400 749 2488 quidum
770 2413 948 2483 contentus,
971 2404 1076 2475 divino
1145 2454 1150 2465 ι

72 2510 173 2575 sancti
207 2510 332 2592 spiritns
364 2510 478 2575 attritio
508 2519 540 2573 et
566 2506 678 2581 ductu,
711 2507 765 2594 qui
795 2508 917 2574 scilicet
944 2511 1077 2594 bimum,

70 2615 198 2701 Arpadii
222 2627 344 2700 patrem
370 2616 468 2680 virum
492 2613 739 2700 paganissimum
762 2613 931 2698 inspiravit,
955 2638 1076 2707 expug.

69 2720 231 2784 nationem
253 2722 343 2807 quasi
368 2739 562 2786 consecrare
576 2731 608 2784 et
619 2720 745 2785 sancire
761 2734 894 2785 conatus
918 2733 975 2788 est.
1016 2727 1076 2791 Un-

69 2846 166 2912 garos
196 2847 325 2913 quoque
350 2839 435 2893 artes
469 2835 500 2890 et
523 2824 627 2889 studia
659 2837 733 2890 tunc
758 2826 858 2909 magis
881 2829 1077 2896 nostratibus

69 2931 208 2996 coluisse
232 2951 337 3017 paone
355 2943 494 3018 putares,
518 2931 570 3018 qui
595 2929 762 3006 „omnibus
776 2929 983 3016 symphoniis,
1008 2934 1076 3002 dut-

69 3036 160 3102 cibus
183 3035 271 3103 sonis
303 3037 504 3125 cythararum
534 3047 568 3101 et
589 3033 786 3114 fistutarum’z
816 3037 961 3104 cantibus
980 3042 1074 3127 J‘oou-

68 3142 203 3207 latorum
227 3141 376 3206 delectati
396 3161 506 3208 coram
522 3161 610 3228 rege,
634 3161 730 3228 quem
753 3154 850 3228 pacto
873 3145 1015 3230 quodam
1040 3149 1076 3215 fi-

68 3246 182 3311 deliter
209 3245 368 3313 servando
398 3248 577 3333 elegerant,
608 3266 706 3324 „oum
737 3247 861 3336 clypeis
893 3262 924 3314 et
953 3251 1073 3320 lancois

69 3365 323 3419 torneamentum
333 3354 347 3375 ''
376 3353 542 3438 (annierl)
565 3352 673 3419 facere
697 3352 783 3418 docti
815 3368 905 3419 erant
928 3355 962 3438 ⁶).
1008 3359 1074 3424 Sed

65 3459 232 3523 veniamus
258 3458 324 3544 jam
359 3459 399 3523 ad
431 3479 485 3538 ea,
516 3478 601 3546 quae
630 3456 673 3523 ab
697 3456 764 3521 aliis
793 3458 1002 3544 scriptoribus
1026 3461 1073 3528 bis

64 3584 129 3629 non
152 3583 285 3650 prorsus
309 3584 452 3630 consona
479 3563 654 3630 traduntur.
701 3563 843 3650 Ungaros
866 3585 930 3630 non
954 3566 997 3634 ob
1018 3568 1072 3654 jus
1106 3593 1110 3600 ·

64 3667 161 3734 ulium
186 3668 430 3746 bereditarium,-
443 3669 503 3735 sed
527 3668 735 3734 aPatzinacis
756 3669 915 3756 prioribus
938 3672 1071 3741 sedibus

66 3798 266 3815 *canu—nn·-

137 3869 163 3938 t)
201 3877 371 3926 Anonos.
481 3872 509 3936 2)
546 3876 672 3926 Anonc.
694 3878 737 3926 tr.

138 3960 163 4020 u)
200 3963 393 4014 Schwandtnor
412 3959 558 4023 scriptores
576 3975 626 4012 rer.
647 3964 815 4028 flungaricar.
835 3978 863 4028 p.
885 3969 926 4015 tt.
951 3965 997 4017 cir.
1018 3969 1072 4020 Prt-

63 4059 125 4096 mus
145 4053 287 4101 senternus
313 4051 347 4100 do
366 4051 474 4100 cronico
493 4048 656 4112 Unguronrm
682 4065 723 4113 ap.
742 4053 822 4116 linget
841 4051 955 4103 Monum.
977 4056 1073 4121 tingri-

64 4146 95 4184 ca
118 4148 145 4196 p.
167 4140 206 4186 tt.
361 4135 386 4202 t)
422 4140 672 4200 Anon.c.tt,16,
695 4142 736 4190 88.

137 4222 162 4282 ⁵)
200 4225 326 4276 inomc.
347 4229 388 4288 tn,
410 4231 451 4287 tt,
472 4230 514 4276 tu.

850 4310 872 4376 6
