2796 4958
74 839 155 906 sium
177 840 250 909 loeo
271 840 349 908 satis
374 837 611 916 demonstravit,
633 832 731 924 idque
751 834 866 904 foedus
883 856 910 903 a.
934 826 1000 904 871
1022 836 1085 904 filia

72 946 225 1034 principis
239 945 452 1014 Bobemorum
464 942 659 1031 Suatoplueo
672 942 703 1008 in
715 938 946 1008 matrimonium
960 941 1035 1010 data
1058 945 1084 1031 ¹)

72 1061 104 1116 et
126 1049 286 1138 baptismo
309 1051 443 1120 Boriwoi
468 1050 559 1118 duois
582 1069 694 1116 eorum
718 1047 814 1113 ictum
838 1067 913 1114 essa
933 1046 975 1134 ²),
999 1049 1085 1136 ejus·

72 1154 147 1222 dem
176 1157 351 1224 verisimilis
386 1167 437 1225 est
470 1157 663 1245 conjectura.
722 1153 826 1219 Causa
858 1151 949 1233 belli,
984 1176 1080 1244 quam

70 1263 191 1350 Regino
215 1263 309 1330 etiam
331 1262 438 1342 affert,
458 1262 696 1355 Suatopluoum,
720 1259 820 1339 „tastu
842 1259 1014 1347 superbiae
1036 1264 1083 1329 in·

68 1365 176 1434 flatum
200 1380 311 1437 eontra
328 1369 494 1436 bruelium
517 1364 746 1435 rebellavisse”
770 1362 854 1429 nihili
884 1366 1014 1434 omnino
1035 1369 1082 1436 ia·

69 1472 184 1540 cienda
207 1485 272 1553 est;
307 1475 371 1554 hoo
399 1486 509 1541 tamen
537 1482 662 1538 certum
685 1488 760 1536 esse
782 1467 924 1549 videtur,
962 1473 1079 1541 eodem

70 1599 155 1645 anno
186 1579 253 1665 jam
284 1599 396 1668 regem
427 1577 581 1645 hostiliter
611 1576 642 1643 in
665 1575 837 1642 Moraviam
868 1574 1018 1663 irrupisse
1040 1583 1080 1661 ⁸),

69 1695 103 1748 ut
142 1695 258 1750 terram
299 1683 496 1752 devastando
532 1681 705 1750 adversarii
744 1681 883 1747 animum
927 1680 1079 1752 flecteret

69 1788 224 1876 Sequenti
257 1801 363 1857 autem
398 1788 494 1869 (891)
528 1788 653 1876 legatos
688 1785 729 1853 ad
770 1806 888 1874 panem
921 1807 1079 1856 renovan-

68 1893 144 1959 dam
166 1899 196 1973 ⁴)
228 1894 269 1961 ad
295 1915 368 1962 eum
391 1896 488 1972 misit,
520 1895 595 1962 dum
619 1894 690 1981 ipse
712 1891 754 1959 ad
778 1892 884 1960 omnia
907 1895 1081 1963 certamina

67 2010 234 2087 promptus
257 2012 291 2067 et
320 2011 450 2088 paratus
481 2002 511 2069 in
536 1998 679 2089 partibus
702 1998 893 2066 Germaniae
922 1999 1079 2068 orientali-

66 2103 129 2172 bus
152 2125 213 2192 per
233 2127 383 2195 magnam
407 2109 479 2175 anni
504 2119 628 2197 partem
643 2103 771 2172 residit.
794 2138 839 2154 -
940 2146 943 2153 -

155 2211 180 2276 Α
196 2212 358 2280 Pannonia
379 2233 435 2281 ren
451 2212 704 2281 Forebbeimium
723 2210 750 2294 ⁵)
774 2231 811 2276 se
833 2209 924 2276 vertit
939 2209 1078 2300 indeque

66 2315 96 2380 in
120 2315 334 2385 Alamanniam
358 2318 499 2406 perrexit
522 2317 565 2386 ob
588 2317 779 2384 seditionem
803 2325 914 2383 eontra
937 2336 975 2382 se
999 2336 1076 2383 oon-

66 2419 209 2500 oitatam,
238 2443 322 2512 quae
344 2445 363 2489 a
387 2423 595 2513 scriptoribus
619 2435 673 2489 aut
695 2443 827 2510 prorsus
851 2421 1001 2488 omittitur
1024 2435 1077 2488 ant

66 2524 207 2594 obscure
229 2540 349 2596 tantum
372 2528 576 2618 significatur.
622 2530 711 2604 Hane
736 2527 819 2593 enim
843 2538 972 2614 gentem
997 2528 1076 2595 iuter

65 2653 179 2699 omnes
203 2636 319 2703 Caroio
344 2635 460 2702 Crasso
489 2635 626 2702 maxime
656 2634 772 2700 favisse
795 2644 828 2699 et
859 2632 998 2698 ultimam
1021 2636 1077 2700 Ar-

63 2737 161 2805 nulfo·
185 2760 222 2806 se
257 2740 453 2828 subjecisse,
487 2762 585 2828 supra
615 2741 682 2829 jam
716 2737 834 2805 dictum
865 2749 922 2805 est
967 2740 1076 2827 Itaque

62 2843 273 2924 bernhardus,
299 2847 351 2933 qui
377 2847 445 2913 sine
469 2847 567 2913 dubio
591 2846 688 2932 patris
707 2842 840 2931 praedia
858 2842 901 2910 ibi
921 2844 981 2910 sita
1003 2856 1077 2930 post

63 2949 134 3033 ejus
168 2963 303 3019 mortem
334 2965 521 3040 receperat,
554 2971 638 3017 nune
669 2950 711 3017 ad
746 2961 901 3043 maturam
936 2961 1075 3018 aetatem

62 3068 253 3143 provectus,
279 3079 306 3128 a.
330 3058 399 3128 890
416 3071 497 3126 'oum
519 3055 704 3126 bernbardo
729 3054 847 3126 abbate
870 3056 916 3149 Sti
941 3055 1018 3123 Galli
1043 3069 1075 3127 et

65 3158 214 3229 Udabico
240 3164 357 3230 comite
381 3164 551 3254 conjurans
575 3172 696 3230 motum
719 3160 835 3232 afferre
857 3162 903 3229 rei
926 3163 1075 3251 publicae

68 3292 267 3312 *Ἣ

135 3352 160 3421 t)
197 3358 262 3410 Anu.
282 3361 363 3422 Fuld,
385 3366 444 3412 871.

133 3437 159 3508 2)
198 3445 313 3501 cosmas
332 3448 429 3501 chron.
447 3446 465 3511 Ι,
490 3449 531 3510 to,
549 3446 616 3497 bun.
633 3446 781 3512 Pragenses
805 3459 829 3495 a.
848 3448 899 3496 111
924 3442 1010 3509 (Perta
1030 3447 1073 3509 ss.
1170 3499 1174 3505 ,

59 3528 103 3590 111,
125 3528 197 3595 119).

131 3614 157 3683 t)
194 3617 266 3687 Reg,
287 3627 337 3677 89⁰
355 3624 402 3676 eir.
421 3624 533 3688 Palaeky
551 3625 569 3686 1,
590 3626 651 3675 uta.

133 3703 158 3770 t)
195 3710 435 3773 Ann.Fnld.,891.

129 3793 156 3854 t)
197 3796 263 3846 Anu.
279 3797 351 3849 Fuld.
370 3801 430 3848 89⁰.
450 3798 515 3861 Dipl.
536 3797 698 3848 dietmari
717 3796 900 3858 „Foraeheim”
921 3797 1011 3848 datum
1030 3814 1072 3863 ap,

56 3876 132 3931 Pertz
151 3881 325 3936 Probedruek
344 3886 417 3936 eines
436 3885 666 3936 Urkundeubuehs
687 3885 712 3935 d.
728 3883 883 3935 welfisoben
903 3886 991 3936 Laude
1009 3901 1035 3949 p.
1049 3892 1073 3938 8.

56 3964 87 4013 ln
118 3967 171 4018 boe
200 3976 335 4023 conventu
361 3975 393 4022 11
418 3974 552 4036 episcopi,
581 3973 788 4036 archiepiscopis
815 3973 1020 4036 bingunttaoensi
1045 3980 1072 4027 et

55 4051 208 4108 coloniensi
238 4060 453 4124 praesidentibus
484 4064 511 4111 at
541 4065 555 4109 1
591 4060 702 4111 abbates
736 4061 897 4110 monasterio
929 4062 1071 4113 Herisiensi

54 4141 192 4209 privilegia
219 4151 246 4198 at
273 4149 465 4211 possessiones
493 4147 689 4200 confirmarunt.
717 4149 833 4198 sonatan
856 4148 940 4198 annal.
971 4148 1069 4200 Peder-

54 4225 170 4295 hermi,
193 4238 251 4286 111.
275 4259 302 4272 -

849 4317 869 4381 5
