2796 4958
536 694 609 758 lcl

64 861 163 953 plaga
184 862 376 932 liberaverat
398 864 438 951 ¹),
473 887 492 932 a
515 867 687 954 waltgario
716 864 780 935 lilio
803 865 920 934 Gernlli
950 871 1074 938 comitis

63 971 154 1038 Frisii
175 969 250 1038 dolo
271 971 453 1039 interiectus
478 983 543 1053 est;
567 975 618 1040 cui
642 974 815 1060 imperator
837 975 1073 1063 Meginhardum

63 1077 197 1146 fratrem
220 1079 289 1168 ejus
310 1075 444 1144 suffecit.

153 1185 339 1274 Priusquam
362 1182 459 1250 rebus
482 1183 543 1250 sub
567 1185 708 1264 Arnullo,
733 1185 783 1251 oni
807 1197 872 1251 tum
893 1187 963 1270 jam
985 1209 1072 1255 mors

57 1288 211 1385 ‘instabat
234 1291 333 1380 gestis
348 1289 534 1356 enarrandis
558 1289 653 1357 finem
674 1292 881 1378 imponamus,
907 1294 1072 1379 quomodo

62 1396 182 1485 Ungari
217 1396 371 1464 terminos
407 1398 652 1485 propagaverint
690 1395 895 1483 explanemus
935 1419 1072 1466 necesse

62 1514 121 1570 est
146 1503 209 1582 Qui
228 1522 325 1591 agros
344 1502 514 1569 latissimos
539 1503 619 1567 inter
638 1501 814 1568 Danubium
836 1513 868 1568 et
881 1504 996 1570 Tisiam
1015 1504 1073 1573 llu-

61 1611 133 1676 vins
153 1607 276 1696 J'amdiu
300 1606 501 1696 depopulati,
536 1607 609 1674 inde
632 1607 674 1674 ab
697 1629 780 1674 anno
804 1606 870 1675 891
894 1609 924 1674 in
948 1612 1071 1679 Panno·

61 1715 116 1782 nia
139 1735 256 1804 magna
287 1734 360 1781 cnm
384 1713 570 1782 crudelitate
599 1714 791 1794 saevierant,
822 1714 907 1781 unda
937 1718 1072 1803 primum

61 1842 89 1888 a
113 1820 184 1888 898
207 1840 342 1887 excursu
366 1825 468 1909 usqne
491 1818 533 1886 ad
558 1821 704 1885 Brentam
727 1818 844 1887 llnmen
867 1821 952 1888 lacto
970 1824 1013 1911 ²),
1045 1848 1073 1896 a.

60 1926 130 1995 899
165 1936 313 2014 tempore
346 1947 445 1994 vomo
470 1929 496 2012 ⁸)
527 1926 646 1991 ltaliam
676 1924 782 1992 denuo
813 1930 956 2014 aggressi
991 1944 1072 2002 sunt

60 2031 346 2100 Innumerabdibus
368 2053 447 2100 vero
471 2030 626 2098 caedibus
650 2035 849 2118 perpetratis,
874 2035 968 2100 etiam
991 2038 1072 2105 Lint-

57 2137 223 2219 wardum,
252 2141 439 2227 episcopum
464 2138 698 2205 vercellensem
730 2136 781 2200 die
806 2137 857 2201 24.
881 2140 961 2204 lunii
981 2144 1007 2227 ⁴)
1032 2145 1070 2210 m.

60 2245 332 2314 obtruncaverunt
362 2258 458 2335 atque
482 2243 671 2332 Aquilejam,
701 2243 873 2322 Veronam,
902 2245 1072 2328 Patavium,

61 2353 212 2432 Brixiam,
240 2352 397 2430 Ticinum,
426 2349 638 2416 Mediolanum
667 2359 867 2415 transeuntes
897 2371 1000 2440 usqne
1030 2354 1071 2420 ad

62 2472 204 2526 montem
219 2447 311 2523 'lovis
334 2466 550 2543 pervenerunt
573 2454 608 2541 ⁵).
662 2454 849 2542 Complures
873 2478 1002 2546 quoque
1027 2463 1069 2527 vi·

60 2586 120 2632 cos
142 2562 279 2630 Venetiis
302 2561 423 2628 vicinos
448 2560 636 2648 depraedati
661 2560 712 2626 die
736 2560 787 2626 29.
807 2562 886 2627 lunii
912 2567 941 2642 ⁸)
966 2588 1004 2633 m.
1030 2568 1070 2635 ab

60 2668 175 2738 incolis
199 2669 230 2734 in
253 2667 360 2756 lugam
382 2669 465 2732 versi
490 2679 569 2733 sunt.
624 2669 747 2732 interea
771 2670 994 2756 Berengarius‚
1019 2677 1072 2762 qui

61 2791 126 2843 tum
151 2775 207 2842 toti
230 2774 336 2840 ltaliae
360 2772 447 2838 solus
471 2783 634 2858 praeerat,
669 2774 808 2838 exercitu
840 2775 1071 2842 1509955191-

59 2904 135 2949 num
157 2881 293 2948 collecto
312 2900 370 2946 eos
391 2892 588 2966 persecutus,
613 2897 694 2956 oum,
716 2878 863 2944 omnibus
884 2882 974 2966 panis
993 2902 1071 2949 con-

60 2987 241 3057 dicionibus
270 2984 460 3072 repudiatis,
485 2983 574 3070 juxta
599 2985 744 3048 Brentam
764 2982 890 3051 flavium
912 2992 940 3065 τ)
964 2988 1071 3055 incau-

58 3101 262 3115 m·-

134 3149 160 3209 tl
195 3149 257 3211 lleg.
275 3150 325 3196 885
347 3146 468 3196 Gerulfus
488 3158 580 3195 comes
601 3147 763 3196 nominatur:
787 3150 851 3198 nnn.
870 3150 935 3200 Ved.
956 3156 1021 3217 8853
1044 3157 1069 3204 in

58 3220 166 3284 diplom.
185 3232 226 3281 ap.
245 3219 334 3268 Miraei
352 3231 416 3281 opp.
436 3217 543 3279 diplom.
561 3217 581 3280 l,
603 3219 634 3266 91
653 3215 773 3282 (Boehm.
793 3219 887 3282 1969).

131 3307 158 3367 1)
194 3305 298 3368 Lindpr.
320 3306 349 3366 ll,
371 3309 433 3354 7-
447 3309 471 3355 9.
487 3305 619 3366 Koeplrius
640 3303 690 3368 (de
703 3306 807 3368 Lindpr.
817 3321 843 3369 p.
857 3304 905 3368 81)
925 3309 981 3357 sine
997 3309 1071 3370 justa

56 3395 160 3445 wdone
178 3391 212 3442 de
230 3392 281 3443 hac
297 3392 464 3454 expeditione
483 3391 592 3442 dubitat
616 3392 706 3441 Nullus
726 3397 794 3443 enim
813 3407 901 3443 rerum
921 3395 1068 3446 ltalloarum

55 3481 137 3543 hujus
163 3481 290 3542 temporis
316 3481 431 3542 scriptor
452 3484 559 3541 praeter
577 3480 766 3542 liutprandum
790 3485 891 3544 exstat,
920 3486 964 3546 qui
989 3484 1068 3546 lanius

54 3571 95 3620 rel
112 3568 275 3618 mentionem
295 3567 382 3618 lacere
401 3570 524 3632 potuerit.

130 3651 157 3720 9)
195 3655 269 3705 liud.
287 3655 317 3715 ll,
338 3661 361 3706 9.
380 3657 441 3718 „Sol
462 3655 577 3705 nendum
595 3654 676 3704 Piscis
695 3656 799 3720 signum
819 3657 955 3722 deserens,
975 3661 1068 3710 Arietis

55 3741 236 3807 occupabat”
329 3742 353 3802 1)
389 3744 451 3807 lleg.
471 3747 531 3793 901.
553 3743 690 3807 Necrolog.
708 3746 772 3808 Aug.
797 3740 924 3809 (Mittheil.
943 3748 968 3794 d.
987 3749 1066 3814 antiq.

56 3827 239 3884 Gerellsehalt
257 3831 283 3879 iu
301 3829 394 3880 Ziirioh
414 3831 454 3891 vl,
475 3835 507 3881 55
531 3828 605 3895 sqq.)

128 3915 157 3984 ll)
196 3915 270 3969 Liud.
283 3918 312 3978 ll,
333 3923 354 3968 9,
375 3918 502 3969 iohannis
523 3919 615 3969 chron.
634 3919 725 3968 Venel.
744 3933 785 3982 ap.
805 3921 1068 3986 Ρ9119.88.’911,19..

130 4000 158 4072 5)
193 4005 255 4056 lbid.
275 4002 322 4069 „ln
343 4006 384 4056 die
402 4008 534 4068 passionis
545 4004 653 4055 Storum
667 4009 849 4069 apostolorum
862 4009 929 4059 Petri
947 4012 1071 4064 etPanli.’›

125 4095 155 4156 7)
191 4094 280 4143 dunat.
308 4093 388 4144 Alam.
416 4097 474 4143 999.
506 4093 628 4156 „bellum
657 4096 769 4155 primum
802 4097 870 4145 inter
896 4097 1015 4162 ngaros
1042 4107 1068 4153 et

55 4183 216 4232 christianos
237 4184 263 4231 in
283 4177 355 4232 ltalia
378 4183 411 4231 ad
430 4181 571 4230 Parentum
593 4183 621 4231 et
639 4183 738 4232 castelli
756 4184 825 4245 capti
843 4188 928 4236 sunt”
949 4188 1022 4238 Liud.
1038 4190 1067 4252 ll,

57 4274 89 4318 10
105 4296 136 4306 -
152 4273 194 4321 lt.

825 4355 863 4420 11
