2796 4958
776 624 851 690 lot

309 797 485 886 asperrima
514 793 587 862 cum
618 796 797 864 Alamannis
826 798 903 863 solis
932 797 1055 886 Alpium
1084 797 1162 885 juga
1192 817 1221 863 a.
1249 794 1318 862 891

311 901 514 971 transcendit.
560 904 637 968 Tum
661 904 805 969 Veronae
833 918 1013 991 susceptus,
1044 903 1236 991 berengario
1261 922 1318 970 co-

313 1011 395 1087 mite,
418 1020 529 1076 contra
553 1008 721 1075 Widonem
746 1011 884 1095 perrexit
902 1011 937 1097 ¹),
966 1011 1018 1099 qui
1041 1008 1189 1087 eandem,
1220 1028 1318 1097 quam

313 1129 413 1182 antea*
437 1135 542 1202 neque
568 1115 705 1202 ineptam
728 1114 800 1180 belii
832 1116 964 1203 gerendi
993 1116 1148 1183 rationem
1176 1126 1318 1192 secutus,

313 1243 439 1289 omnem
470 1242 609 1308 pugnam
642 1219 810 1288 declinavit
841 1234 937 1310 atque
971 1221 1093 1289 urbium
1117 1221 1237 1287 aditum
1262 1220 1319 1287 bc·

313 1329 412 1394 stibus
436 1327 606 1415 probibere
626 1326 750 1394 studuit
797 1332 841 1395 Ac
870 1329 1005 1416 primum
1036 1327 1165 1416 quidem
1194 1347 1252 1393 rex
1276 1326 1318 1392 ad

312 1437 502 1521 Bergomum
533 1433 574 1499 ab
598 1433 767 1501 Ambrosio
801 1435 917 1501 comite
949 1434 1115 1500 defensum
1145 1432 1319 1510 accedens

312 1541 496 1629 priusquam
520 1539 672 1628 oppidum
699 1541 800 1627 ipsum
822 1540 990 1608 obsidione
1014 1541 1172 1627 cingeret,
1202 1539 1320 1604 castei-

313 1647 375 1712 lum
400 1668 503 1734 prope
527 1646 654 1712 moenia
678 1647 707 1711 in
731 1648 803 1714 ioco
827 1647 949 1712 editiori
962 1648 1056 1712 situm
1073 1648 1109 1713 vi
1125 1646 1211 1733 cepit
1235 1645 1321 1732 ejus-

313 1774 377 1841 que
412 1752 609 1839 praeiectum
643 1753 838 1821 Getesridum
871 1752 991 1818 Gislarii
1024 1749 1137 1832 filium,
1167 1751 1320 1818 clericum

312 1862 529 1926 Veronensum
552 1859 685 1924 interimi
704 1860 805 1947 jussit.
849 1860 937 1926 Hanc
961 1879 1038 1937 rem,
1062 1879 1159 1947 quam
1181 1857 1321 1942 scriptor

314 1965 479 2031 Fuldensis
503 1965 553 2031 rix
575 1964 713 2032 obscure
737 1963 901 2052 significat,
924 1967 1031 2051 Lupus
1055 1965 1228 2030 canonicus
1245 1965 1321 2029 Ber·

315 2092 428 2160 gomas
452 2075 478 2159 ¹)
504 2070 628 2137 duabus
651 2072 763 2138 tabulis
787 2070 926 2137 dilucide
957 2070 1143 2158 explanavit
1185 2069 1244 2135 Dic
1268 2089 1321 2135 se·

316 2178 424 2267 quenti
447 2179 476 2265 (i.
492 2199 520 2246 e.
545 2177 570 2242 2.
597 2199 636 2243 m.
648 2177 752 2264 Febr.)
776 2177 851 2244 urbs
876 2179 944 2266 ipsa
969 2180 1036 2264 pari
1061 2177 1236 2244 constantia
1262 2197 1321 2262 op·

318 2297 457 2372 pugnata
481 2295 520 2350 ac
544 2281 677 2348 detensa
699 2282 772 2350 labe
795 2285 893 2371 partis
909 2283 1075 2370 cujusdam
1093 2283 1171 2350 muri
1191 2281 1322 2349 tandem

318 2395 426 2456 invasa
447 2400 478 2455 et
502 2389 668 2455 aFrancis
691 2410 797 2478 neque
820 2391 914 2456 aetati
939 2411 1000 2457 nec
1023 2391 1111 2457 sexui
1135 2409 1197 2455 nec
1221 2387 1323 2476 digni·

318 2497 371 2560 tati
397 2493 647 2582 temperantibus
672 2493 796 2584 direpta
820 2508 886 2576 est,
916 2497 991 2562 dum
1014 2496 1199 2563 Ambrosius
1223 2515 1242 2561 a
1266 2495 1324 2560 mi·

316 2601 422 2667 litibus
446 2612 558 2688 captus
577 2601 668 2688 jussu
692 2603 777 2689 regis
800 2614 874 2668 ante
898 2615 1022 2690 portam
1048 2601 1158 2690 oppidi
1180 2601 1323 2689 patibulo

317 2706 522 2794 suspenditur
574 2708 774 2796 Quamquam
795 2710 878 2774 enim
901 2708 1215 2797 scriptorFuldeusis
1233 2709 1323 2775 testis

318 2813 386 2879 sine
418 2812 515 2878 dubio
546 2813 703 2893 oculatus,
735 2813 798 2881 hoc
827 2816 1016 2903 supplicium
1045 2815 1203 2882 exercitos
1226 2814 1324 2883 furori

320 2920 484 3006 assignare
511 2919 576 2985 vuit
596 2926 643 3001 ⁸),
659 2944 661 2948 ·
676 2933 764 2986 recte
788 2932 893 2989 tamen
918 2925 1024 3009 Lupus
1042 2921 1211 3008 judicavit,
1240 2941 1325 2995 eum,

320 3029 373 3114 qui
397 3024 439 3090 de
464 3025 617 3092 Gotesridi
647 3047 776 3114 quoque
799 3049 882 3096 nece
905 3030 995 3095 sileat
1018 3026 1206 3094 adulationis
1230 3048 1325 3115 argu-

321 3129 438 3196 endum
471 3143 503 3195 et
537 3131 727 3219 Liudprandi
748 3133 790 3218 ⁴),
826 3135 1051 3222 panegyristae
1087 3134 1268 3220 Berengarii
1291 3134 1325 3218 ⁵),

320 3236 474 3324 imprimis
488 3236 656 3323 Reginonis
676 3237 702 3323 ⁸)
719 3239 897 3306 testimonia
909 3239 1120 3328 praeferenda
1134 3260 1218 3306 csse.
1254 3243 1328 3305 Am-

319 3343 417 3413 brosii
448 3355 480 3410 et
510 3343 660 3412 Goteiridi
691 3344 777 3416 bona
809 3346 968 3414 ecclesiae
996 3347 1174 3433 Bergomati
1206 3345 1325 3411 donata

232 3531 235 3536 ἶ
321 3461 353 3516 et
376 3450 546 3517 Adaiberto
571 3451 727 3537 episcopo
758 3451 800 3518 ob
829 3452 860 3520 id
885 3453 987 3540 ipsum
1011 3456 1156 3546 sequenti
1186 3475 1271 3519 anno
1297 3455 1327 3519 in

322 3557 523 3624 Germaniam
555 3556 699 3644 proiecto
727 3557 912 3624 confirmata
937 3573 1009 3631 sunt
1033 3564 1070 3642 ¹).
1117 3562 1327 3628 Poenarum

321 3682 444 3739 severa,
469 3683 532 3750 qua
546 3664 739 3750 Bergomum
763 3663 913 3734 affectum
937 3678 1005 3734 erat
1030 3687 1178 3754 magnum
1196 3664 1328 3752 quidem

320 3804 522 3819 ———--

397 3880 421 3939 1)
461 3880 518 3927 Ant.
537 3875 556 3938 1,
573 3883 614 3928 aa.

395 3965 421 4024 1)
458 3966 522 4027 Lupi
541 3967 600 4016 cod.
621 3966 724 4030 diplom.
742 3970 818 4034 Berg.
836 3968 856 4033 1,
879 3975 984 4022 1017-
998 3975 1072 4021 1018.

396 4053 420 4112 11)
458 4055 693 4106 tantudem.
839 4057 864 4124 t)
904 4059 1059 4122 nattes.

397 4142 423 4200 ⁵)
457 4141 511 4192 Lib.
529 4144 570 4203 111,
592 4158 614 4192 v.
634 4147 665 4192 tc
686 4158 743 4208 sqq.
895 4144 926 4213 6)
964 4150 1023 4214 Reg.
1046 4153 1106 4200 891.

397 4221 422 4290 t)
457 4229 595 4295 Bochmeq
616 4237 693 4283 1111.
