2796 4958
669 679 743 743 17⁷

201 859 328 928 noster,
352 846 500 916 omnibus
523 845 590 916 aliis
613 848 821 938 scriptoribus
846 851 1037 931 tacentibus,
1062 852 1209 922 Carolum

200 955 350 1023 Crassum
373 956 470 1022 refert
492 956 680 1023 morientem
705 978 838 1044 regnum
860 958 1000 1024 Italicum
1023 958 1126 1046 ipsum
1149 962 1207 1027 Be·

196 1062 344 1149 reugario
370 1061 542 1129 tradidisse
565 1061 606 1146 ¹),
637 1061 669 1127 id
702 1063 866 1131 eonsilium
895 1074 1041 1142 secutus,
1072 1076 1106 1132 ut
1137 1068 1205 1154 regi

161 1254 169 1266 .
195 1189 255 1235 suo
273 1168 328 1256 jus
351 1168 514 1257 quoddam
537 1167 719 1248 vindicaret,
743 1168 868 1236 Widoni
892 1172 982 1258 quasi
1000 1171 1092 1238 alieni
1112 1175 1204 1261 regni

195 1273 333 1342 invasori
363 1294 458 1342 omne
489 1266 669 1361 abrogaret.
721 1273 786 1340 Sed
810 1288 945 1364 uterque
968 1276 1111 1344 aemulus
1134 1280 1203 1365 pari

196 1401 272 1448 usus
294 1392 345 1448 est
361 1380 434 1466 jure
456 1381 474 1446 i.
493 1401 522 1446 e.
537 1380 631 1445 nullo.
665 1380 763 1467 Magis
783 1378 824 1445 ad
850 1381 1013 1448 veritatem
1034 1383 1201 1462 accedunt,

195 1485 346 1575 quaeda
375 1486 503 1554 duobus
531 1496 637 1552 narrat
666 1485 808 1573 proeliis,
836 1487 1028 1576 alteriusque
1058 1488 1203 1578 descrip-

193 1594 237 1660 tio
266 1592 318 1659 vel
348 1593 453 1679 potius
484 1593 662 1681 principum
695 1590 735 1658 ab
766 1602 900 1680 utraque
929 1605 1020 1680 parte
1055 1597 1201 1662 stantium

195 1699 402 1787 praeconium
432 1699 538 1788 magni
569 1711 619 1765 est
651 1699 818 1778 momenti,
851 1719 960 1764 verum
992 1701 1077 1768 'sicut
1103 1702 1201 1768 multa

193 1805 254 1872 alia
284 1805 315 1870 in
344 1804 407 1872 boc
440 1815 592 1895 poemate
621 1802 755 1871 difficilis
791 1804 954 1892 explicatu.
1012 1808 1200 1897 Plerumque

192 1911 359 1978 committit
377 1923 514 1998 peccata
537 1912 566 1976 in
587 1909 704 1976 Arnulfi
727 1911 983 1997 expeditionibus
1007 1915 1134 1991 ltalieis,
1160 1936 1200 1981 ex

192 2016 310 2106 quibus
332 2017 363 2082 in
387 2038 480 2082 unam
504 2016 644 2083 confusis
668 2017 741 2082 nibil
764 2017 847 2083 aliud
873 2017 979 2092 tradit,
1004 2041 1100 2107 quam
1126 2022 1200 2086 Ber-

191 2123 280 2211 gomi
304 2133 337 2188 et
357 2123 477 2189 Romae
501 2123 761 2209 expugnationes.
809 2124 880 2201 Oua
908 2134 1039 2208 peracta
1064 2125 1200 2210 impera-

193 2239 256 2306 tor,
281 2228 333 2316 qui
356 2227 540 2294 administer
560 2239 680 2294 tantum
704 2229 883 2315 Berengarii
904 2240 1011 2294 votum
1035 2229 1199 2318 quoddam

191 2332 402 2401 dissoluturus
426 2334 538 2401 urbem
564 2348 704 2421 ceperat
722 2335 790 2421 jam
810 2336 921 2401 inutilis
943 2336 973 2401 in
997 2334 1198 2401 Germaniam

191 2438 340 2526 rediit2).
398 2438 557 2529 humberti
595 2437 690 2507 etiam
723 2452 756 2508 et
791 2443 971 2530 berengarii
1007 2453 1199 2509 conventum

191 2545 289 2611 Ticini
312 2545 427 2613 lactum
452 2547 674 2636 panegyristes
697 2547 761 2615 boe
783 2547 881 2616 modo
905 2548 1013 2627 tradit,
1037 2560 1198 2637 tamquam

190 2649 244 2718 bio
268 2651 309 2717 illi
331 2651 551 2719 misericordia
572 2664 678 2719 motus
696 2663 820 2741 partem
835 2654 932 2740 regni,
952 2654 1041 2741 quod
1060 2654 1199 2740 legitime

192 2756 374 2826 obtinuerat
396 2756 482 2826 dono
506 2757 649 2825 dedisset
672 2758 714 2845 ³);
739 2759 828 2846 cujus
850 2759 1040 2826 contrarium
1066 2761 1197 2846 propius

191 2863 236 2931 ad
259 2865 424 2932 veritatem
447 2864 630 2932 accederet.

281 2972 325 3037 Ex
348 2969 555 3057 scriptoribus
573 2970 751 3060 Byzantinis
775 2970 825 3036 bic
847 2969 1022 3058 praecipue
1047 2970 1200 3038 Constan-

192 3078 581 3168 tinusPorpbyrogenitus
603 3087 652 3144 est
673 3075 860 3153 laudandus,
885 3078 937 3166 qui
962 3077 1051 3145 annis
1076 3079 1141 3145 ata
1156 3117 1196 3131 -

167 3272 169 3277 .
193 3180 257 3252 ael
282 3183 397 3250 librum
428 3184 470 3251 de
494 3184 742 3251 administrando
765 3184 898 3271 imperio
921 3182 962 3249 ad
986 3183 1082 3249 filium
1106 3206 1197 3249 suum

192 3291 369 3359 Romanum
398 3291 532 3379 scripsit.
588 3292 645 3358 llic
668 3290 799 3358 seientia
830 3289 969 3374 gentium
1002 3289 1198 3355 orientalium

193 3397 329 3487 excellet
350 3395 525 3463 admodum
547 3398 697 3485 pretiosa,
721 3392 780 3462 sed
804 3394 887 3460 adeo
913 3405 962 3459 est
985 3393 1135 3460 confusus
1159 3412 1198 3460 ac

193 3503 337 3570 turbatus
361 3515 394 3568 ut
423 3503 528 3589 potius
559 3503 704 3570 collectio
727 3499 870 3568 videatur
900 3520 974 3565 esse
1004 3502 1199 3568 notationum

194 3609 413 3697 singularium,
443 3630 539 3696 quam
563 3631 644 3697 opus
665 3609 750 3676 bene
772 3606 994 3694 compositum.
1039 3605 1200 3677 interdum

194 3717 280 3784 enim
311 3715 353 3783 de
382 3713 499 3782 eadem
527 3736 562 3781 re
585 3716 691 3782 variae
720 3711 883 3779 traduntur
906 3714 1103 3783 narrationes
1125 3730 1201 3779 eae-

195 3845 259 3912 que
283 3823 377 3889 etiam
402 3821 595 3900 contrariae,
627 3821 709 3887 sieut
742 3817 784 3884 de
806 3817 907 3884 Slavis
930 3818 1115 3884 Dalmatiam
1147 3837 1200 3882 ex-

194 3928 408 4019 pugnantibus
428 3925 471 4012 ⁴),
510 3925 551 3993 de
588 3924 745 4013 prioribus
782 3925 978 4011 ngarorum
1016 3923 1201 4008 sedibus⁸),

196 4056 281 4124 quae
309 4034 424 4102 multos
454 4032 519 4098 veri
550 4032 792 4119 investigatores
824 4030 890 4117 jam
919 4021 1125 4108 induxerunt,
1160 4028 1201 4094 de

271 4183 351 4262 rt'r,
373 4200 406 4247 es
426 4210 484 4261 sqq.
583 4191 608 4261 r)
643 4191 685 4256 111,
709 4193 757 4242 rte
780 4204 837 4255 sqq.
934 4192 959 4253 a)
996 4192 1119 4254 nuens

274 4282 300 4352 r)
337 4300 360 4337 c.
384 4289 426 4348 nn,
449 4289 534 4336 aar.
632 4282 657 4344 s)
694 4284 779 4345 aar,
803 4282 844 4342 ss,
866 4281 907 4330 to.
