2796 4958
535 618 611 681 lna

66 804 133 872 quo
155 784 279 874 Regino
302 792 331 869 Ι)
354 786 436 855 baec
459 787 558 855 modo
575 788 674 855 verba
698 810 887 858 arcanorum
911 794 1005 880 plena
1028 795 1074 862 la-

65 890 123 956 cit:
146 891 251 970 „Quid
273 915 350 962 varo
374 895 404 961 in
422 893 539 961 eodem
556 908 712 962 conventu
729 918 877 965 seorsum
894 900 963 966 sina
979 920 1073 987 prae·

63 997 169 1063 sentia
191 998 277 1086 regis
301 1011 527 1087 pertractatum
551 1002 605 1080 sit,
634 1017 748 1089 postea
779 1014 911 1071 eventus
933 1006 978 1072 rei
1000 1005 1071 1072 luca

63 1103 183 1173 clarius
205 1105 443 1174 manifestabit”
485 1108 661 1194 Gagernius
682 1109 709 1191 ²)
729 1129 802 1175 eum
828 1108 869 1175 de
892 1131 950 1177 sua
974 1113 1072 1199 ipsius

63 1209 261 1296 expulsione,
283 1233 367 1300 quac
391 1211 507 1279 eudem
531 1235 615 1280 anno
638 1214 721 1280 lacta
745 1226 802 1292 est,
825 1216 963 1283 locutum
987 1237 1070 1292 esse,

63 1314 214 1402 conjecit,
236 1317 297 1385 sed
320 1317 394 1383 mibi
418 1317 547 1406 quidem
571 1319 600 1384 in
625 1339 734 1385 errore
757 1331 901 1387 versatus
931 1343 1005 1389 esse
1027 1323 1070 1388 vi-

63 1419 174 1500 detur,
202 1441 276 1489 curn
296 1424 449 1512 Reginoni
474 1423 555 1490 nulla
578 1444 676 1490 causa
699 1436 800 1502 esset,
830 1445 887 1491 cur
916 1447 983 1492 rem
1008 1426 1069 1494 alio

62 1525 137 1593 loco
161 1527 190 1614 ⁸)
208 1528 278 1597 tuse
292 1531 469 1616 expositam
482 1528 532 1595 bic
542 1541 607 1595 tam
622 1530 760 1596 obscure
776 1529 977 1616 significaret.
1002 1534 1068 1618 Ego

62 1633 170 1718 ponus
193 1636 378 1724 putaverim,
402 1637 484 1701 inter
512 1636 681 1720 optimates
712 1637 804 1702 trium
834 1637 1010 1724 principum
1035 1637 1067 1704 id

62 1743 265 1822 convenisse,
295 1755 328 1807 ut
357 1755 432 1828 post
453 1742 569 1807 Arnulb'
601 1755 735 1809 mortem
762 1744 828 1830 jam
857 1743 1069 1831 propinquam

62 1846 298 1915 Zuentebaldus
318 1847 466 1915 omuibus
489 1849 607 1933 pariter
637 1849 753 1915 invisus
783 1870 878 1938 quam
903 1849 1069 1917 celerrime

63 1973 83 2017 e
107 1952 216 2021 medio
240 1953 409 2028 tolleretur,
434 1953 567 2040 ejusque
590 1975 723 2040 regnum
747 1954 877 2042 parvulo
897 1956 1068 2033 Lutlovico,

63 2059 158 2146 cujus
187 2060 302 2127 summi
330 2059 496 2126 consiliarii
521 2060 622 2135 llatto,
656 2059 830 2133 Comedus.
856 2059 1068 2125 Gcbeberdus

63 2177 163 2244 eraut,
193 2165 340 2241 cederet;
370 2185 470 2253 quare
500 2174 613 2249 postea
643 2164 870 2230 Gobebardum
890 2170 920 2243 ⁴)
947 2167 976 2230 in
1007 2168 1067 2230 Lu-

62 2272 218 2359 tharingia
242 2272 465 2358 possessiones
494 2268 614 2335 babere
644 2272 816 2346 cernimus,
848 2282 943 2357 atque
973 2272 1066 2335 etiam

63 2379 291 2446 monasterium
316 2377 356 2443 ad
379 2378 501 2443 Horrea
515 2377 710 2454 Trevirense‚
727 2376 941 2443 Zuentebaldo
966 2398 1069 2465 quon-

63 2484 139 2551 dam
155 2485 328 2574 proprium.
372 2484 447 2548 Post
468 2483 552 2547 illum
577 2493 766 2548 conventum
789 2504 845 2548 rex
860 2484 972 2550 iterum
989 2486 1067 2549 Dur·

63 2591 113 2658 los
127 2589 297 2678 profectus,
321 2609 393 2654 cum
418 2587 479 2674 huc
504 2601 641 2654 castrum
664 2590 736 2655 totis
753 2589 871 2655 viribus
884 2609 1068 2675 expugnare

63 2697 164 2773 nixus,
198 2714 318 2781 capere
347 2695 507 2782 nequiret,
542 2693 583 2760 ab
614 2695 775 2780 episcopis
806 2706 838 2758 ut
867 2695 1066 2779 Reginarium

64 2803 251 2869 Odacerum
279 2821 455 2888 eorumque
483 2800 590 2865 socius
621 2799 822 2863 anathemate
848 2799 983 2872 ferirent,
1016 2819 1067 2863 ro·

63 2908 164 2998 gavit,
191 2908 292 2995 iisque
325 2906 367 2972 de
390 2907 451 2971 bac
474 2925 510 2970 re
535 2903 765 2982 recusantibus,
788 2904 878 2969 minis
903 2915 934 2969 et
957 2914 1068 2968 contu-

64 3014 166 3081 meliis
189 3034 273 3090 usus
297 3013 362 3078 irae
385 3023 552 3097 tantopere
576 3011 743 3076 indulsisse
767 3009 865 3075 fertur
885 3008 919 3096 ⁵),
944 3020 976 3074 ut
998 3010 1069 3076 liat-

63 3121 142 3190 bodi
174 3120 338 3206 hucusque
369 3116 634 3183 archicancellarii
667 3126 762 3204 atque
785 3116 882 3180 intimi
902 3116 1068 3182 consiliarii

65 3229 113 3296 sui
143 3236 240 3313 caput
264 3223 380 3290 baculo
403 3232 595 3308 percuteret.
642 3223 818 3288 Obsidione
843 3222 934 3308 igitur
956 3221 1067 3298 soluta,

63 3337 264 3403 Normaunns
282 3331 318 3415 ⁶),
341 3331 394 3418 qui
416 3327 457 3394 ad
481 3333 562 3393 lsam
586 3327 712 3394 fluvium
736 3326 847 3392 sedem
868 3324 927 3390 sibi
943 3324 1070 3394 firmare

64 3440 134 3507 ausi
165 3459 266 3526 usque
298 3435 339 3501 ad
368 3437 486 3501 Mosam
519 3432 787 3520 perungebantur,
819 3431 978 3498 insecutus
1009 3431 1068 3499 sed

64 3550 130 3613 nu'n
154 3555 320 3610 assecutus
345 3553 392 3606 est
416 3539 597 3627 eodemque
621 3559 704 3603 anno
722 3557 835 3622 pacem
853 3538 983 3603 tandem
996 3559 1068 3607 cum

66 3650 183 3719 Carolo
213 3650 420 3735 composuit·
444 3648 512 3711 Nec
541 3644 637 3710 multu
668 3655 742 3728 post
771 3643 963 3729 imperatore
986 3667 1071 3712 mor·

66 3772 132 3837 tuo,
155 3767 339 3844 tempestas,
363 3774 445 3842 quae
465 3749 586 3838 jamdiu
610 3748 674 3816 lilio
698 3750 767 3837 ejus
785 3749 975 3828 imminebat,
998 3771 1071 3817 eru·

143 4027 168 4097 t)
208 4038 268 4083 aaa.
420 4032 446 4091 a)
484 4034 583 4093 praa.
737 4022 762 4090 a)
800 4028 894 4075 naua.

143 4123 168 4179 t)
207 4121 268 4184 [teg.
288 4124 338 4170 906
358 4120 402 4170 clr.
420 4118 540 4169 Eckbart.
560 4117 701 4168 comment.
724 4115 753 4174 ll,
774 4117 833 4164 rac.

143 4209 169 4270 t)
207 4208 440 4259 utunluldtut.
644 4198 669 4269 6)
708 4199 934 4252 Ann.Ved,uuu.
