2796 4958
73 841 115 888 ex
143 821 223 888 illius
254 833 360 890 aetate
389 843 485 910 reges
520 845 540 890 a
578 825 699 911 populo
733 841 859 892 creatos
889 827 1080 916 Germaniae

73 928 254 1014 praefuisse
277 931 454 1017 opinantur.
491 928 612 996 Omnes
630 931 733 1017 potius
757 930 916 1020 aequales,
941 953 1013 998 eum
1033 933 1078 998 le-

73 1035 216 1124 gitimum
249 1057 324 1104 esse
360 1036 483 1124 imperii
520 1036 695 1103 haeredem
730 1058 860 1124 semper
893 1038 1078 1116 eredebant,

73 1159 145 1206 cum
170 1143 265 1209 etiam
289 1163 330 1210 eu
354 1155 478 1210 mortuo
509 1142 539 1208 in
570 1165 694 1209 summo
724 1145 769 1210 rei
792 1143 940 1231 publicae
963 1144 1075 1212 discri-

71 1247 156 1313 mine
185 1247 249 1314 filio
281 1250 350 1336 ejus
379 1261 505 1336 septem
528 1270 630 1316 annos
654 1261 728 1316 nato
753 1270 905 1316 eoronam
933 1252 1077 1338 impone-

70 1365 156 1431 rent;
187 1354 276 1443 quod
306 1356 390 1421 idem
422 1338 558 1422 caeteris
588 1377 716 1444 quoque
740 1355 865 1443 populis
889 1377 1076 1443 persuasum

72 1457 178 1538 luisse,
202 1472 235 1527 et
252 1461 398 1528 Falconis
429 1462 526 1528 docet
556 1462 689 1549 epistola
714 1473 746 1528 et
768 1464 957 1549 Berengarii,
987 1462 1077 1529 Odo-

69 1564 132 1642 nis,
167 1565 308 1642 liudolfi,
337 1567 487 1634 Ludovici
512 1567 699 1634 deditiones.
753 1569 874 1633 Omnes
906 1567 943 1632 illi
967 1569 1076 1655 reguli,

71 1668 186 1738 Carula
210 1672 351 1759 Simplici
375 1685 521 1761 excepto,
543 1687 654 1742 contra
677 1674 811 1739 instituta
840 1679 995 1762 maj0rum
1024 1695 1077 1741 se-

70 1774 222 1844 ditionem
246 1780 498 1857 concitaverunt,
529 1780 673 1847 arnallus
696 1780 798 1858 solus,
823 1781 956 1847 simulac
979 1778 1077 1848 Caro-

69 1881 119 1948 lus
142 1886 177 1948 lll
199 1885 373 1972 imperator
396 1885 481 1961 obiit,
505 1886 661 1974 legitimus
684 1886 739 1951 luit
761 1907 825 1952 rex.
872 1890 952 1953 Duru
976 1889 1075 1976 igitur,
1115 1931 1117 1934 ⁴

71 1990 284 2076 Burgundiam
315 1992 344 2056 in
374 1992 506 2058 sormam
537 1994 719 2080 provinciae
750 1992 898 2079 redigere
934 2004 1076 2071 conatus,

70 2095 101 2159 in
122 2096 208 2161 Italia
234 2117 273 2164 ea
296 2099 418 2164 ratione
443 2098 595 2165 dominari
620 2097 734 2176 studet,
759 2120 821 2186 qua
839 2110 952 2183 postea
976 2098 1076 2184 impe·

67 2212 193 2268 ratores
217 2203 364 2271 Santonici
389 2217 421 2271 et
444 2205 546 2281 Salici,
576 2205 728 2272 Francius
751 2203 957 2270 occidentalis
982 2225 1076 2271 coro·

68 2327 142 2373 nam
165 2310 225 2376 sibi
249 2309 387 2376 oblatam
412 2311 599 2397 repudiavit,
629 2331 764 2398 eamque
790 2309 832 2376 ob
856 2331 986 2377 causam
1007 2331 1074 2376 ma-

66 2414 151 2480 xime
188 2414 298 2482 divisio
333 2417 562 2484 Germanorum
596 2430 628 2484 et
661 2417 955 2502 Francogallorum,
989 2438 1074 2504 quae

67 2530 144 2586 tunc
167 2523 320 2609 temporis
343 2523 517 2610 linguarum
550 2525 731 2591 diversitate
762 2522 935 2601 alliciente,
965 2525 1072 2590 sentiri

68 2626 168 2694 modo
190 2628 330 2694 nondum
354 2631 427 2695 sciri
452 2631 560 2717 coepit
591 2651 629 2696 ac
660 2631 761 2716 magis
791 2628 866 2695 odio
891 2641 1071 2697 exterorum

67 2753 164 2820 quarn
188 2755 299 2801 amore
322 2757 452 2802 suorum
476 2737 590 2802 civium
614 2756 650 2801 se
672 2733 827 2811 exhibuit,
856 2735 977 2801 stabilis
1000 2757 1074 2822 per-

68 2840 191 2905 mansit.
239 2840 317 2906 Cum
347 2863 425 2930 ergo
457 2844 576 2929 patriae
609 2853 737 2907 nostrae
765 2838 846 2905 fines
870 2850 980 2904 natura
1004 2841 1072 2926 ipsa

45 2947 256 3034 ¹praescripti
288 2948 329 3016 ab
359 2948 428 3026 illo,
459 2949 509 3014 cui
540 2948 659 3035 majora
684 2945 844 3033 patebant,
867 2944 980 3011 sedulo
1004 2965 1073 3012 ser·

67 3052 130 3118 vati
153 3065 240 3132 sunt,
272 3053 312 3120 ab
343 3054 403 3120 hac
432 3065 536 3120 aetate
560 3054 700 3143 quinque
721 3056 913 3119 Francorum
937 3051 1073 3120 orienta-

66 3157 140 3224 lium
165 3171 286 3247 gentes,
310 3180 392 3247 quae
406 3159 583 3226 Theodisca
606 3160 711 3247 lingua
733 3158 909 3237 utebantur,
935 3158 1074 3244 plerum-

67 3285 132 3353 que
162 3266 275 3333 iisdem
302 3267 370 3334 lero
400 3266 541 3332 terminis
571 3266 727 3344 inclusae,
757 3267 786 3330 in
817 3264 952 3331 nationis
982 3265 1073 3330 nnius

67 3392 186 3459 corpus
209 3373 412 3451 coaluerunt,
443 3393 525 3460 quae
557 3393 576 3439 a
599 3372 775 3438 cummunis
798 3371 924 3456 linguae
948 3368 1072 3435 vinculo

66 3478 246 3547 Theodisca
278 3479 507 3546 nominabatur.
570 3478 714 3544 Arnullus
748 3476 888 3564 denique
922 3476 1071 3542 invictum

66 3584 293 3672 Suatoplucunr
318 3585 447 3674 quidem
472 3607 535 3651 non
558 3584 727 3671 superavit,
750 3582 809 3648 sed
828 3603 869 3648 eo
888 3594 1011 3649 mortuo
1027 3583 1073 3648 vi-

65 3710 120 3756 res
144 3693 232 3778 regni
258 3693 403 3759 Moravici
429 3691 585 3757 Bohemos
608 3688 817 3778 Sarabosque
838 3689 906 3755 sibi
939 3688 980 3755 ad
1005 3691 1072 3754 loe·

67 3796 127 3861 dus
150 3797 337 3865 adsciscens
358 3815 389 3864 ot
411 3798 495 3862 lratri
518 3808 629 3864 contra
646 3796 773 3861 fratrem
793 3795 1010 3881 adjumentum
1027 3793 1074 3858 al-

66 3899 183 3979 lerens,
207 3903 291 3970 adeo
315 3904 475 3978 imminuit,
505 3915 540 3969 ut
563 3905 694 3990 Ungaris
718 3903 780 3969 hoc
801 3900 986 3989 gravissimo
1016 3900 1074 3964 im·

65 4006 251 4092 pedimento
269 4031 288 4075 e
304 4009 410 4074 medio
424 4007 558 4087 sublato,
577 4010 627 4075 via
647 4007 873 4096 progrediendi
888 4005 1073 4091 aperiretur.

64 4113 102 4178 Et
123 4134 317 4202 quamquam
343 4115 505 4180 calamitas
527 4114 568 4180 ab
593 4115 629 4180 iis
645 4117 766 4201 patriae
784 4114 865 4180 illata
888 4111 990 4198 major
1011 4109 1075 4186 luit,

65 4238 161 4306 quam
185 4221 245 4286 ulta
280 4221 354 4298 alia,
386 4240 480 4308 quarn
511 4240 650 4307 unquam
682 4221 838 4297 uteravir,
869 4215 996 4282 difficile
1026 4225 1076 4280 est
