2796 4958
783 658 859 723 180

318 833 426 902 Latine
443 841 616 900 vertamus:
639 829 694 907 „m
711 827 793 894 haec
814 825 944 916 quidem
965 846 1025 914 per
1042 826 1183 915 integros
1200 838 1329 915 septem

320 962 420 1008 annos
444 936 647 1025 operabatur.
695 935 829 1023 Jamque
857 933 887 998 ei
910 944 1043 1000 octavus
1065 947 1242 1023 praecepta
1265 947 1330 1001 tra·

319 1048 406 1114 denti
438 1057 506 1112 erat
541 1063 641 1109 annus
673 1051 705 1106 et
733 1039 893 1128 posterior
923 1039 986 1105 vito
1014 1041 1042 1126 (i.
1073 1062 1102 1108 e.
1132 1041 1246 1128 morte)
1274 1039 1330 1107 Mi·

319 1151 419 1219 chaeli
444 1152 501 1217 Dei
530 1169 625 1215 servo
648 1146 775 1232 (excipit
802 1166 879 1211 vero
903 1146 1112 1234 principatum
1143 1137 1222 1212 filius
1250 1146 1329 1234 ejus,

319 1257 521 1335 llladimirus;
551 1275 609 1343 per
633 1264 779 1342 quattuor
803 1272 903 1319 annos
926 1271 1032 1317 rerum
1055 1252 1187 1339 potitus,
1217 1250 1259 1317 de
1283 1253 1330 1318 vi·

319 1365 366 1429 vis
390 1362 548 1447 excessit).
606 1363 727 1426 llaeues
750 1359 890 1424 omnium
913 1357 1015 1424 lactus
1039 1369 1105 1436 est,
1139 1358 1237 1424 frater
1259 1359 1330 1445 ejus

320 1469 487 1559 Symeon?
526 1467 652 1533 Auctori
675 1466 704 1531 in
729 1485 782 1530 res
806 1474 924 1530 tanturn
949 1464 1185 1531 ecclesiasticas
1208 1466 1330 1532 incum-

318 1574 404 1641 benti
432 1597 496 1642 non
530 1572 561 1639 id
592 1571 725 1639 definire
749 1570 838 1637 cordi
863 1583 944 1647 erat,
982 1571 1134 1659 quamdiu
1164 1571 1330 1658 Bnlgariae

319 1676 482 1768 principes
506 1679 706 1768 regnassent,
732 1677 789 1743 sed
813 1679 918 1765 potius
942 1677 1071 1765 quando
1095 1678 1243 1746 Clemens
1267 1681 1331 1766 pri·

318 1806 390 1850 mus
415 1784 598 1872 Bulgaricae
628 1785 754 1871 linguae
785 1785 958 1871 episcopus
990 1783 1101 1849 luisset
1124 1786 1329 1866 constitutns;

318 1910 390 1956 eam
423 1890 466 1957 ob
498 1911 627 1958 causam
658 1911 722 1956 non
746 1903 877 1977 propter
901 1889 1058 1955 llladimiri
1082 1890 1170 1977 regni
1194 1871 1357 1979 primur-⁰

318 1995 369 2061 dia
394 2009 525 2063 octavus
549 1996 599 2062 ille
622 2017 722 2062 annus
749 2016 788 2062 ex
807 1996 978 2062 Clementis
990 1996 1184 2082 expulsione,
1208 2008 1242 2062 et
1265 1999 1329 2085 pri-

319 2123 390 2167 mus
421 2103 539 2190 pariter
568 2103 773 2190 episcopatus
805 2103 833 2167 ei
865 2102 971 2188 magni
1002 2113 1052 2167 est
1079 2106 1239 2171 momenti.
1297 2106 1329 2173 Si

318 2209 412 2297 igitur
435 2229 462 2276 a.
486 2207 553 2276 885
583 2216 719 2276 exeunte
743 2209 793 2274 vel
822 2208 890 2275 886
921 2208 1049 2273 ineunte
1077 2221 1153 2296 post
1179 2211 1329 2278 Methodii

319 2328 456 2383 mortem
491 2315 665 2402 discipulos
701 2313 771 2400 ejus
805 2315 834 2379 in
868 2314 1009 2381 exsilium
1040 2327 1130 2382 actos
1162 2337 1237 2384 esse
1268 2339 1327 2405 pro

320 2432 410 2486 certo
432 2418 604 2497 habemus,
635 2419 789 2485 Michaele
819 2441 848 2485 a.
871 2419 938 2486 889
963 2432 1103 2500 mortuo,
1134 2423 1279 2514 Symeon
1302 2445 1329 2491 a.

318 2524 385 2591 893
416 2546 552 2613 regnare
582 2527 725 2612 coeperit
749 2545 887 2592 necesse
910 2537 973 2604 est;
1006 2548 1090 2614 quae
1119 2532 1226 2597 omnia
1255 2551 1330 2599 cum

318 2632 365 2710 iis,
390 2654 472 2721 quae
496 2654 593 2719 supra
617 2628 821 2720 exposuimus
845 2632 963 2718 optime
987 2647 1171 2721 congruunt.
1196 2657 1240 2687 -·-

351 2745 354 2748 ’
409 2738 506 2804 Venio
537 2737 664 2804 tandem
700 2735 742 2803 ad
773 2758 966 2826 anonymum
998 2741 1091 2809 Belae
1120 2744 1206 2830 regis
1238 2755 1329 2812 nota-

319 2844 416 2921 rium,
451 2865 547 2933 quem
578 2865 595 2910 a
627 2844 731 2909 multis
760 2845 966 2930 praecipuum
997 2865 1073 2914 esse
1101 2868 1207 2914 rerum
1237 2849 1330 2938 hujus

319 2952 473 3037 temporis
496 2951 722 3038 Ungaricarum
745 2951 864 3017 sontem
888 2951 1043 3017 creditum
1067 2974 1141 3021 essa
1160 2955 1228 3042 jam
1253 2954 1330 3022 dixi-

319 3078 399 3123 mus.
452 3056 521 3122 Hoc
550 3056 623 3122 loco
654 3068 760 3123 autem
789 3055 861 3120 milri
885 3077 948 3121 non
973 3063 1171 3146 propositum
1200 3071 1266 3141 est,
1297 3074 1330 3128 ut

320 3161 362 3227 de
387 3173 507 3241 aetate,
539 3160 581 3228 de
611 3163 818 3249 scriptoribus
848 3160 962 3249 quibus
991 3186 1068 3232 usus
1100 3177 1163 3242 est,
1194 3167 1237 3234 de
1264 3166 1330 3235 fide

320 3268 389 3354 ejus
418 3267 565 3335 historica
597 3269 691 3356 plena
723 3268 894 3343 disseram,
925 3268 986 3333 sed
1017 3283 1050 3337 ut
1079 3273 1227 3341 nonnulla
1259 3261 1391 3362 ejus!

320 3375 392 3440 vitia
417 3397 479 3442 nou
503 3375 594 3441 facile
619 3373 800 3442 excusanda
826 3395 1020 3442 enumerem.
1075 3379 1154 3446 Cum
1178 3382 1261 3446 enim
1286 3381 1329 3448 tle

237 3556 243 3562 ,
319 3479 496 3569 plerisque,
533 3502 616 3569 quae
647 3481 757 3557 refert,
789 3480 871 3546 nulla
900 3480 960 3547 alia
989 3496 1114 3551 exstent
1141 3488 1330 3567 testimonia,

319 3596 386 3651 tum
409 3607 513 3674 pauca
537 3587 621 3673 ejus,
654 3609 738 3676 quae
768 3608 840 3653 cum
871 3586 937 3652 aliis
967 3607 1157 3677 comparare
1187 3606 1331 3682 possunt,

321 3688 485 3758 erroribus
508 3705 580 3758 suut
603 3696 727 3760 referta.
753 3702 796 3759 Ae
820 3694 923 3781 primo
948 3695 1077 3782 quidem
1103 3697 1133 3763 id
1157 3699 1252 3766 valde
1275 3723 1334 3769 no·

319 3808 386 3863 tatu
411 3796 541 3883 dignum
567 3812 624 3876 est,
647 3800 733 3888 quod
759 3821 865 3888 neque
888 3802 1055 3878 Amulium,
1078 3825 1140 3870 nec
1162 3807 1331 3895 Suatoplu-

321 3925 411 3979 oum,
434 3926 496 3972 nec
520 3907 726 3994 Symeonern,
751 3927 815 3975 neo¹
836 3908 985 3983 Leonem,
1010 3930 1071 3976 neo
1096 3911 1332 3987 Brazlavonem,

321 4032 403 4096 quos
427 4012 540 4098 Ungari
564 4014 595 4078 in
616 4025 721 4080 terrae
750 4015 913 4083 invasione
938 4015 1040 4097 primo
1071 4029 1242 4095 noverunt,
1276 4041 1332 4084 un·

321 4139 415 4203 quam
440 4120 579 4184 nominat
607 4129 703 4207 atque
734 4121 764 4184 in
796 4119 900 4185 locum
933 4141 1060 4200 eurum,
1088 4145 1170 4211 quos
1203 4124 1332 4188 omnino

324 4243 525 4311 cognoscere
549 4246 612 4291 non
632 4224 764 4302 videtur,
788 4226 866 4292 alios
890 4227 1070 4316 principes,
1085 4229 1245 4304 Salarium,
1269 4231 1331 4295 lle·
