2796 4958
675 660 726 727 llt

204 841 285 898 tatur
306 832 342 912 Ἰ.
386 832 470 900 cnm
487 832 604 898 marcis
624 834 707 899 enim
732 832 935 900 orientalibus
957 834 1008 901 bic
1031 844 1063 900 et
1082 835 1205 901 Grunn-

203 937 264 1003 witi
297 954 414 1026 pagus,
451 937 532 1014 inter
553 937 594 1003 llz
618 951 649 1005 et
673 939 773 1024 Camp
804 936 915 1006 lluvios
940 941 969 1007 in
993 941 1118 1007 sinistra
1140 943 1205 1007 Da-

201 1043 288 1112 nubii
310 1045 380 1131 ripa
402 1043 480 1108 situs
501 1043 536 1128 Ι),
565 1044 618 1131 qni
642 1042 684 1108 ad
707 1045 869 1111 Bavariam
882 1048 1109 1134 pertinebant,
1140 1047 1206 1114 hac

203 1149 325 1225 ratione
349 1149 509 1236 conjuncti
532 1168 607 1216 esse
623 1148 779 1228 solebant,
803 1163 835 1217 ut
848 1173 957 1219 eorum
972 1156 1107 1221 comites
1119 1175 1204 1220 mar

201 1255 350 1322 ebionem
374 1258 491 1344 pariter
502 1256 638 1324 Orieou's
653 1255 759 1324 ollicio
772 1255 983 1344 fungerentur.
1018 1263 1094 1328 Post
1117 1280 1205 1326 mor-

202 1357 395 1429 tem‘autcm
420 1363 571 1433 Ludovici
594 1365 639 1440 ΙΙΙ,
669 1383 697 1429 a.
720 1362 803 1442 882,
832 1363 885 1430 lilii
909 1364 1053 1432 Guilelmi
1083 1377 1116 1432 et
1143 1366 1205 1430 En-

202 1468 350 1556 gilscalci,
374 1470 517 1557 quamvis
529 1468 660 1557 pueruli,
683 1470 774 1556 quasi
789 1469 1036 1538 haereditarium
1045 1473 1099 1559 jus
1110 1491 1205 1539 sumu

202 1575 368 1654 obtenturi,
397 1589 522 1664 patrum
547 1576 715 1643 comitatus
743 1575 804 1642 sibi
834 1586 1053 1666 poposcerunt
1082 1587 1115 1643 et
1135 1576 1203 1641 Ari-

201 1682 329 1760 bonem,
352 1683 406 1770 qui
430 1681 546 1749 foedus
570 1701 643 1748 enm
666 1681 860 1768 Suatoplueo
888 1684 1005 1750 seriens
1027 1683 1204 1750 Isauricum

201 1787 297 1853 lilium
328 1788 358 1852 ei
390 1787 539 1855 obsidem
569 1787 672 1864 dedit,
689 1788 736 1863 ,vi
767 1809 926 1856 armorum
957 1791 1144 1878 expulerunt
1163 1788 1202 1874 ³).

201 1895 273 1972 llio,
306 1894 358 1960 cui
381 1894 512 1961 Carolus
539 1893 674 1961 Crassus
704 1893 887 1981 dignitatem
914 1918 1004 1963 suam
1032 1894 1203 1962 confirma·

200 2012 297 2077 verat,
320 2021 393 2066 mox
416 2000 644 2087 aSnatopluoo
667 2004 807 2067 exercitu
831 2013 880 2068 est
893 2001 1028 2086 adjutus,
1052 2003 1105 2091 qui
1128 2021 1202 2068 ann

199 2107 264 2175 883
289 2127 431 2173 marcam
450 2109 480 2172 iu
494 2107 618 2173 sinistra
630 2106 763 2173 Danubii
783 2109 851 2195 ripa
875 2107 1053 2186 devastans,
1076 2109 1203 2173 Werin-

199 2215 320 2282 barium
343 2213 474 2279 alterum
488 2212 675 2300 Engilscaloi
695 2212 801 2291 lilium,
826 2213 1025 2280 Vezzilonem
1047 2215 1210 2291 comitem

198 2322 314 2388 multos
337 2320 445 2386 socios
475 2319 572 2386 foede
592 2319 756 2396 mutilavit,
785 2339 964 2407 eorumque
993 2319 1126 2406 praedia
1156 2319 1203 2386 ad

199 2439 365 2512 utramque
387 2422 470 2490 fluvii
495 2435 618 2512 partem
631 2425 811 2513 adjacentia
826 2424 918 2512 diripi
937 2426 1041 2512 jussit
1074 2426 1202 2504 Quibus

198 2531 296 2598 rebus
320 2531 456 2596 exterriti
479 2530 724 2610 adolescentuli,
758 2531 811 2619 qui
842 2552 954 2618 regem
981 2532 1202 2603 adversarium

197 2634 366 2712 habebant,
398 2635 522 2715 Aroulli,
551 2637 584 2702 io
605 2637 768 2703 Pannonia
788 2635 918 2703 finitima
948 2637 1137 2705 dominantis
1166 2651 1229 2721 et.⁸

193 2741 314 2831 jamdiu
327 2741 521 2827 Suatopluco
546 2741 666 2817 lulensi,
687 2752 721 2808 ut
743 2742 785 2809 ab
809 2763 850 2809 eo
863 2753 974 2810 contra
994 2764 1202 2813 communem

195 2849 320 2916 bostem
352 2846 614 2926 defenderentur,
649 2848 733 2915 vassi
766 2846 873 2921 effecti
903 2860 983 2916 sunt
1039 2852 1203 2918 lloraviae

196 2958 278 3030 dux,
303 2953 387 3019 bane
409 2954 615 3021 occasionem
642 2965 770 3031 nactus,
799 2966 970 3042 postquam
991 2955 1042 3022 ille
1070 2956 1112 3023 de
1139 2976 1202 3024 'en-

196 3059 358 3148 peditione
381 3078 464 3125 anno
488 3059 708 3145 praecedente
726 3061 914 3126 anonoullis
935 3082 1100 3128 vassorum
1120 3074 1202 3131 suo-

195 3190 265 3235 rum
287 3185 362 3247 cum
384 3165 524 3252 Bulgaris
548 3168 578 3232 in
601 3168 746 3233 Moravos
773 3179 923 3253 suscepta
947 3167 986 3232 illi
1009 3167 1203 3235 satisfacere

195 3273 301 3351 noluit
323 3273 516 3338 Pannoniam
539 3271 642 3337 multis
658 3271 761 3358 copiis
778 3270 915 3338 funditus
932 3283 1056 3338 vastare
1071 3274 1195 3359 coepit;

193 3380 343 3469 idemque
367 3375 513 3465 sequenti
536 3397 620 3444 anno
634 3376 732 3463 ,(884)
755 3379 878 3444 iteravit
897 3377 936 3462 ⁴).
980 3379 1058 3442 Tum
1077 3377 1110 3442 in
1131 3390 1197 3444 ter·

192 3508 259 3553 ram
282 3505 372 3552 suam
396 3503 553 3562 reversus,
574 3494 698 3571 partem
722 3483 879 3548 exercitus
901 3503 998 3569 supra
1016 3482 1196 3550 Danubium

193 3593 283 3674 misit,
307 3610 445 3679 quacum
456 3589 620 3677 liegingoz
644 3601 676 3656 et
692 3590 789 3676 Papo,
811 3598 886 3653 natu
910 3587 1035 3653 maximi
1058 3587 1194 3656 filiorum

189 3732 391 3748 -——-—

263 3805 287 3864 tl
324 3805 495 3856 Monumenta
513 3805 592 3856 Boica
610 3803 719 3862 xxvttt,
737 3799 756 3863 l,
777 3806 820 3852 61.

261 3888 287 3955 t)
324 3893 396 3941 Haeo
415 3896 456 3943 est
474 3893 604 3943 Buohneri
623 3892 723 3953 opinio:
750 3889 914 3943 Documento
932 3896 983 3944 ete.
1002 3893 1032 3956 ΙΙ,
1053 3898 1094 3943 st.

261 3979 285 4038 ³)
323 3979 368 4030 cir.
389 3980 423 4030 da
448 3981 488 4031 his
513 3979 644 4030 omnihus
667 3981 735 4033 Ano.
757 3978 828 4030 Fuld.
848 3979 911 4030 Pars
930 3980 960 4040 V,
986 3993 1010 4030 a.
1035 3984 1097 4032 stt.
1114 3981 1191 4034 lean-

188 4067 261 4116 ricus
279 4068 429 4117 nominatur
447 4082 470 4118 a.
492 4070 551 4130 ⁸98,
572 4070 631 4118 899.

260 4153 283 4214 Ι)
319 4156 386 4206 Ano.
404 4155 476 4206 Fuld.
498 4156 515 4204 Ι.
534 4154 548 4204 l.
570 4155 698 4218 „instanti
720 4167 800 4219 anno,
825 4167 878 4218 quo
896 4156 947 4206 ista
965 4159 1191 4223 computarium,

188 4242 282 4292 iterum
300 4243 355 4294 dnn
377 4265 406 4278 -·
428 4243 556 4296 hostiliter
572 4243 599 4293 in
617 4242 804 4296 Pannoniam.¹¹
