2796 4958
302 835 408 901 ueniat
430 832 501 901 sed
515 832 702 901 execrabilis
723 833 913 903 sordescat''
944 835 983 920 (c.
1007 835 1063 912 llll,
1084 830 1192 918 XXXI).
1245 827 1312 899 ntia

303 954 479 1030 praecepta
519 962 578 1029 pru
615 940 762 1029 augenda
803 941 990 1010 auctoritate
1025 939 1201 1030 episcopali
1237 937 1314 1005 data

304 1060 391 1127 suut;
416 1059 605 1137 quamtum,
627 1049 686 1114 etsi
708 1068 728 1113 a
750 1049 852 1115 multis
872 1050 947 1117 viris
970 1047 1152 1136 potentibus
1169 1058 1314 1114 contem-

305 1154 455 1230 nebatur,
486 1154 639 1243 majorem
664 1165 785 1230 tamen,
817 1176 911 1242 quam
935 1155 1038 1222 Caroli
1062 1153 1164 1241 Magni
1187 1164 1315 1238 tempu·

305 1259 391 1326 ribus
414 1259 519 1338 luisse,
543 1281 583 1326 ex
606 1282 646 1327 eo
670 1281 799 1348 quoque
823 1261 950 1338 elucet,
967 1259 1054 1349 quod
1077 1279 1141 1336 rex,
1166 1259 1225 1348 qui*
1243 1259 1314 1344 ipse

306 1363 465 1431 Triburiae
490 1365 615 1445 aderat,
646 1367 675 1431 in
705 1377 828 1454 partem
859 1367 1062 1434 decretorum
1087 1362 1314 1444 faciendorum,

305 1472 387 1538 sicut
410 1471 579 1560 aliquando
604 1483 830 1539 antecessores
854 1473 937 1560 ejus,
964 1494 1028 1539 non
1051 1472 1148 1549 venit,
1172 1469 1233 1537 sed
1259 1490 1314 1557 pa-

307 1592 372 1646 tres
397 1578 498 1645 libere
522 1578 691 1646 deliberari
716 1580 793 1645 sivit.
845 1579 912 1644 Nec
936 1577 1112 1644 mirandum
1136 1588 1198 1655 est,
1229 1574 1317 1665 quod

307 1686 451 1772 episcopi
482 1683 523 1751 ab
548 1686 689 1763 Arnullo,
721 1705 739 1750 a
770 1706 835 1772 quo
865 1705 978 1751 revera
1009 1684 1079 1772 eligi
1110 1682 1258 1751 solebant
1285 1683 1317 1768 ¹),

306 1791 410 1857 multis
443 1791 612 1878 privilegiis
645 1802 678 1856 et
712 1790 804 1857 bouis
840 1791 887 1857 eis
930 1793 1108 1869 concessis,
1149 1781 1317 1878 majorem,

306 1919 402 1984 quam
432 1898 602 1984 optimates
633 1897 768 1963 inierunt
799 1898 948 1984 gratiam,
983 1919 1056 1964 cum
1079 1897 1192 1963 horum
1216 1916 1316 1983 opera

306 2025 440 2092 regnum
465 2003 605 2089 adeptus,
625 2016 720 2082 esset,
744 2003 783 2068 illi
807 2024 889 2083 „non
913 2004 955 2070 ab
979 2002 1105 2071 homine
1129 2022 1236 2090 neque
1258 2020 1319 2089 per

307 2111 483 2188 hominem,
513 2109 573 2176 sed
605 2132 664 2197 per
692 2111 795 2198 ipsum
827 2111 993 2178 Dominum
1023 2132 1096 2176 eum
1128 2129 1203 2175 esse
1232 2107 1319 2174 elec-

308 2218 390 2282 tum''
419 2215 630 2302 docerent.²).
685 2217 798 2282 Statuit
821 2214 913 2304 igitur
935 2216 1096 2306 synodus,
1130 2227 1164 2282 ut
1183 2215 1209 2281 si
1234 2216 1320 2302 epis·

311 2344 413 2410 copus
444 2334 476 2388 et
512 2341 623 2388 comas
656 2334 847 2389 conventum
885 2322 992 2410 populi
1022 2321 1142 2388 eodem
1170 2333 1319 2406 tempore

310 2431 536 2516 imperassent,
570 2449 682 2495 omues
713 2428 858 2495 homiues
887 2428 971 2493 illum
1003 2448 1067 2494 non
1095 2427 1182 2498 hunc
1202 2446 1321 2516 seque-

312 2547 435 2612 rentur,
463 2554 502 2601 ac
533 2554 645 2601 comes
670 2535 739 2621 ipse
762 2536 792 2600 in
816 2534 965 2600 contione
996 2533 1128 2600 adesset
1150 2535 1232 2620 (can.
1254 2533 1319 2619 lX);

313 2662 354 2708 na
378 2641 511 2708 comites
535 2639 648 2709 diebus
672 2641 760 2706 lestis
784 2641 833 2708 vel
854 2639 1021 2707 dominicis
1034 2641 1154 2728 judicia
1174 2651 1229 2707 aut
1243 2661 1320 2730 con·

315 2749 384 2814 cilia
408 2748 509 2835 plebis
533 2749 709 2815 indicerent
732 2768 813 2814 neve
837 2769 910 2826 eos,
940 2749 993 2836 qui
1017 2747 1242 2834 poenitentiam
1268 2767 1321 2812 ec·

315 2856 524 2922 elesiasticam
546 2865 686 2942 agerent,
711 2854 806 2922 adea
830 2855 938 2921 venire
962 2865 1116 2942 cogerent
1138 2855 1176 2942 (c.
1192 2855 1321 2940 XXXV);

315 2973 350 3025 ut
372 2963 396 3026 si
420 2962 490 3027 laici
514 2961 744 3050 etpresbyteri
765 2961 793 3026 in
815 2962 1019 3028 contentione
1037 2951 1153 3040 essent,
1177 2962 1322 3049 episcopi

312 3066 595 3152 judicarenturm.
621 3069 713 3146 Xlll);
746 3088 785 3132 ne
810 3065 990 3133 horninibus
1014 3067 1176 3145 „libertate
1198 3068 1322 3135 notabi-

315 3171 412 3238 libus*
435 3174 468 3250 (i.
494 3195 520 3238 c.
545 3173 733 3252 nobilibus),
764 3174 790 3238 si
815 3175 844 3238 in
867 3174 974 3260 populi
999 3175 1214 3260 suspicionem
1238 3176 1324 3241 ceci-

317 3277 452 3357 dissent,
483 3281 611 3346 crimina
639 3280 846 3368 jurejurando
878 3301 1015 3368 purgare
1045 3282 1171 3354 liceret.
1200 3279 1324 3347 sed-ut

316 3398 390 3465 „aut
413 3387 568 3472 episcopo
599 3388 646 3452 vel
672 3409 731 3454 suo
762 3387 859 3452 misso
890 3385 1094 3463 discutiente,
1130 3407 1190 3474 per
1219 3389 1324 3473 ignem

319 3490 466 3556 candenti
491 3491 590 3558 lerro'’
614 3495 867 3559 examinarentur
887 3494 926 3578 (c.
951 3494 1052 3578 Xlill);
1082 3513 1123 3558 ne
1147 3513 1260 3559 servus
1284 3495 1325 3560 ad

320 3597 536 3684 episcopalem
560 3600 791 3686 proveheretur
813 3601 926 3667 sedem
950 3599 988 3685 (c.
1011 3601 1125 3683 XXlX);
1149 3621 1190 3666 ne
1214 3600 1327 3666 inulla

322 3703 459 3770 ecclesia
483 3717 536 3770 aut
566 3708 831 3774 constituerentur
857 3715 910 3771 aut
934 3704 1168 3792 expellerentur
1191 3707 1329 3796 presby-

316 3812 397 3911 teri,
428 3811 589 3899 episcopis
615 3835 676 3879 nun
701 3812 853 3880 consultis
882 3811 932 3878 vel
963 3833 1024 3877 non
1056 3813 1328 3880 consentientibus

397 4080 420 4140 l)
458 4081 503 4130 cfr.
521 4082 631 4144 Dtplom.
650 4085 709 4132 Aru.
726 4097 773 4147 ap.
795 4081 894 4147 Diimge
917 4083 976 4147 Reg.
994 4082 1065 4143 Bad,
1088 4085 1120 4131 82
1142 4096 1210 4147 „nos
1230 4083 1330 4136 Hatho·
1385 4127 1387 4134 .

293 4220 294 4224 ,
323 4181 384 4221 nem
408 4195 435 4206 -
457 4171 553 4221 salubri
580 4171 693 4221 fidelium
718 4174 870 4221 nostrorum
899 4172 1021 4221 consultu
1045 4171 1190 4234 Magonliae
1218 4168 1331 4221 civitells

326 4257 557 4323 archiepiscopum
578 4261 633 4311 lieri
652 4261 829 4312 censuimus.”
902 4255 929 4324 2)
966 4254 1040 4309 Pertz
1059 4260 1137 4323 legg.
1155 4260 1176 4323 l,
1196 4261 1256 4310 559.
