2796 4958
681 619 758 684 1oe

194 790 314 859 dicunt
351 791 421 858 Nec
443 790 576 857 victoria
599 789 779 878 splendida,
804 793 910 879 paullo
932 805 1007 878 post
1030 791 1059 856 in
1082 791 1206 860 sinistra

192 896 329 964 Danubii
352 897 421 984 ripa
443 916 463 963 a
487 895 658 963 liutboldo
681 898 865 964 marchione
888 915 927 962 ac
952 895 1095 963 llicbario
1119 890 1201 985 epis

193 1023 279 1091 copo
298 1014 462 1090 reportata
483 1022 590 1090 neque
613 1022 668 1069 arr
682 1004 874 1071 validissima
887 1003 1083 1090 Anesipurcb
1096 1003 1203 1090 (Eous)

193 1131 272 1197 „pro
295 1109 427 1175 tuitione
453 1109 575 1196 patriae
598 1123 710 1177 contra
739 1109 897 1177 christiani
928 1110 1063 1176 nominis
1090 1129 1202 1197 perse·

192 1228 338 1282 eutorum
353 1214 502 1280 insidies”
519 1227 702 1283 constructa
725 1217 758 1303 ¹),
781 1217 910 1283 Francis
928 1215 1058 1281 multum
1073 1216 1203 1303 profue-

191 1333 270 1398 runt,
294 1339 369 1387 cum
391 1340 475 1386 auuo
499 1323 664 1409 sequenti,
688 1343 771 1410 pace
793 1342 866 1388 cum
890 1321 1023 1388 lloruvis
1045 1321 1199 1401 coniecta,

191 1426 308 1513 bogari
341 1437 488 1513 „partem
512 1426 683 1494 australem
705 1428 795 1515 regni
819 1428 961 1494 illorum''
982 1427 1001 1492 i.
1025 1447 1053 1494 e.
1079 1428 1201 1494 Panno·

192 1532 278 1598 niam
302 1532 512 1618 superiorem,
536 1532 726 1599 Cariuthiem
748 1531 937 1621 depraedati
961 1532 1146 1599 invaderent
1163 1540 1200 1619 ²).

191 1638 320 1704 Terram
341 1657 419 1704 vero
441 1638 522 1705 iuter
543 1640 663 1705 llaruur
683 1639 820 1718 (llareb)
842 1651 874 1704 et
898 1638 1056 1704 Granuam
1087 1636 1199 1707 fluvios

190 1754 393 1810 montuosam
428 1754 543 1831 postea
579 1745 708 1812 demum
745 1745 787 1812 ab
816 1745 854 1811 iis
882 1756 1094 1831 expugnatum
1125 1767 1199 1813 esse

191 1869 230 1915 ex
253 1869 296 1915 eo
319 1849 436 1928 elucet,
466 1850 553 1936 quod
576 1861 679 1918 tractu
709 1852 759 1918 illo
789 1851 830 1917 ad
854 1849 987 1917 Danubii
1019 1851 1119 1937 ripam
1145 1874 1199 1919 ex-

192 1965 299 2042 cepto,
320 1954 445 2022 incolae
469 1956 547 2042 ejus,
579 1959 631 2043 qui
654 1978 738 2024 nunc
762 1957 889 2023 Slovaci
911 1957 1065 2022 nominari
1087 1957 1199 2037 solent,

192 2081 231 2126 er
260 2061 396 2126 maxime
419 2073 512 2148 parte
533 2061 678 2128 Slavicae
702 2074 774 2128 sunt
798 2062 927 2148 originis
946 2062 982 2145 ³).
1034 2061 1198 2149 Traussyl-

189 2166 317 2232 veniam
346 2186 476 2253 quoque
500 2166 686 2234 vlachorum
717 2169 849 2255 patriam
873 2165 916 2232 ob
945 2165 1078 2230 similem
1102 2168 1197 2232 ratio-

190 2293 266 2338 nem
294 2273 463 2359 posteriori
494 2285 639 2360 tempore
663 2273 705 2340 ab
737 2274 774 2339 iis
798 2286 987 2358 occupatam
1011 2292 1086 2336 esse
1108 2283 1198 2358 puta-

190 2379 299 2458 verim,
322 2379 396 2466 quia
417 2379 531 2467 Ungari
555 2380 677 2466 proelio
702 2380 841 2468 equestri
864 2397 903 2443 ac
927 2378 1099 2463 pecoribus
1124 2400 1197 2465 pas-

190 2483 305 2550 cendis
327 2485 463 2551 maxime
487 2487 604 2552 assueti
628 2487 658 2552 in
682 2487 804 2575 campis
834 2484 934 2572 planis
958 2496 1053 2572 atque
1079 2487 1198 2572 apertis

190 2589 304 2656 melius
327 2610 471 2678 pugnare
495 2604 527 2658 et
555 2594 674 2680 optime
704 2614 744 2658 ea
775 2612 889 2678 parare
919 2601 1081 2678 poterant,
1112 2612 1196 2679 quae

191 2707 224 2761 et
250 2693 293 2761 ad
323 2694 440 2761 cultum
464 2697 563 2764 etad
587 2699 702 2765 rictum
725 2698 785 2764 sibi
808 2707 1026 2784 suppeterent.
1083 2699 1197 2763 Misera

191 2813 299 2868 autem
333 2811 366 2866 et
399 2801 503 2868 infelix
534 2803 724 2871 Germaniae
754 2803 834 2868 inter
866 2823 903 2867 se
936 2799 1095 2866 discordis
1129 2811 1198 2865 erat

191 2905 356 2985 condicio,
388 2925 461 2972 cum
484 2910 675 2976 Bavarorum
705 2909 790 2976 omni
819 2906 982 2974 nobilitate
1012 2925 1085 2971 cum
1116 2906 1197 2971 Lint-

191 3011 292 3080 boldo
326 3010 497 3080 fortissimo
532 3027 771 3103 propugnatore
807 3035 834 3080 a.
869 3013 935 3079 907
969 3034 1034 3079 uuo
1073 3013 1197 3100 proelio

192 3129 383 3204 consumpta
404 3117 440 3204 ⁴),
461 3141 557 3186 nemo
575 3121 642 3207 jam
664 3123 760 3187 armis
781 3120 822 3187 ad
845 3141 976 3186 saevum
999 3140 1196 3206 paganorum

191 3222 330 3291 iurarem
354 3224 628 3310 compescendum
651 3226 780 3295 valeret
823 3227 893 3304 Qua
917 3225 959 3290 de
987 3246 1023 3290 re
1046 3224 1197 3289 Salomon

193 3330 385 3397 clarissimus
405 3329 455 3396 ille
473 3332 646 3419 episcopus
665 3331 692 3419 ⁸)
710 3331 863 3410 audiatur,
882 3330 929 3396 bis
949 3328 1054 3394 verbis
1076 3330 1196 3416 patriae

267 3597 293 3657 t)
327 3598 393 3646 bun.
419 3596 499 3646 Alam.
527 3601 586 3658 900,
614 3599 711 3648 Herim.
741 3599 832 3648 chrou.
860 3602 919 3648 900.
949 3598 1015 3647 Anu.
1040 3597 1111 3647 Futd.
1138 3603 1197 3647 900.

192 3685 298 3748 Liudpr.
319 3681 351 3747 ll,
370 3687 396 3748 0,
423 3683 469 3734 cfr.
497 3683 613 3735 tabulam
631 3685 757 3736 Ludovici
780 3686 822 3736 die
848 3686 1020 3736 19.-Jeuuarii
1048 3700 1082 3734 m.
1105 3699 1127 3734 a.
1146 3689 1193 3734 901

192 3773 296 3834 dutum,
322 3785 374 3836 qua
398 3772 524 3834 oppidum
547 3773 609 3824 illud
634 3787 718 3836 „cum
737 3776 808 3824 omni
831 3777 959 3836 apparatu
981 3775 1130 3822 munitionis
1149 3785 1198 3822 seu

193 3858 327 3910 utilitatis⁴‘
346 3861 507 3909 monasterio
520 3862 552 3908 st.
567 3861 677 3911 Floriani
691 3863 807 3913 donavit.
826 3863 896 3912 tlon·
908 3863 979 3912 Boio.
995 3860 1082 3926 xm,
1102 3864 1125 3923 l,
1142 3865 1190 3912 100

264 3947 290 4008 0)
331 3949 397 3996 nnn.
414 3943 488 3997 Fuld.
509 3951 568 4010 901,
588 3950 684 3999 Herim.
703 3950 795 4000 chron.
813 3953 873 4000 901.

268 4029 294 4100 0)
331 4036 376 4086 etr.
395 4036 517 4085 Haeuller
535 4037 746 4098 Sprachenkarte
766 4039 790 4088 d.
809 4039 890 4087 oestr.
909 4033 1068 4087 Monarcbie.

269 4125 294 4183 t)
330 4125 397 4173 Ano.
417 4125 496 4174 Alam.
516 4128 576 4185 907,
595 4126 698 4174 Auctor.
718 4125 858 4174 Gersteuse
877 4127 937 4173 900.

270 4211 295 4272 tt)
331 4211 442 4262 Maxima
460 4212 616 4263 bibliotheca
635 4215 756 4262 veterum
772 4214 885 4274 patrum,
906 4212 957 4262 vol.
974 4211 1037 4274 xvt‚
1057 4227 1082 4275 p.
1103 4215 1178 4261 ttot.

938 4297 1003 4361 tt*
