2796 4958
762 637 838 702 lde

295 819 519 875 antecessores
552 806 621 892 ejus
655 806 764 873 curiae
793 810 957 884 Romanae
987 829 1118 898 semper
1149 827 1170 872 e
1198 804 1305 872 vicino

294 895 492 991 imminebat,
521 911 580 978 sed
612 912 704 977 totius
727 913 862 979 ltaliae'
854 928 1027 1001 imperator
1053 934 1092 983 ac
1116 911 1211 980 Ticini
1234 931 1304 976 mo·

295 1021 357 1087 rari
387 1020 511 1094 solitus,
547 1037 652 1103 papae
681 1017 816 1085 libertati
846 1018 930 1086 haud
962 1021 1096 1109 amplius
1126 1016 1306 1106 periculum

295 1125 458 1193 facessere
483 1123 567 1190 visus
591 1134 648 1189 est.
699 1122 764 1189 Sed
788 1124 870 1192 haec
894 1127 1034 1205 consilia,
1056 1144 1142 1214 quae
1167 1142 1306 1190 exsecu-

294 1231 354 1299 turi
376 1229 537 1296 lohannes
561 1229 597 1293 lX
620 1248 660 1294 ac
683 1228 871 1314 ,spiritualis
895 1229 992 1299 lilius”
1022 1232 1091 1319 ejus
1115 1227 1306 1296 lambertus

294 1339 324 1404 in
344 1346 500 1404 conventu
525 1335 692 1400 Ravennae
715 1355 742 1400 a
766 1333 833 1402 893
858 1336 964 1404 habito
985 1341 1031 1423 ¹),
1060 1337 1205 1403 diversae
1230 1353 1306 1420 pro-

298 1442 474 1530 mulgarunt
496 1438 595 1526 leges,
618 1451 720 1506 morte
737 1461 956 1530 praepropera
974 1456 1007 1511 et
1025 1441 1155 1530 Augusti
1174 1440 1216 1524 (a.
1225 1436 1307 1523 898)

298 1561 330 1616 et
359 1568 464 1636 papae
494 1545 535 1632 (a.
559 1547 637 1630 900)
668 1565 708 1612 ac
731 1545 880 1613 Ludovici
905 1549 1106 1636 Burgundios
1134 1544 1221 1632 regis
1251 1564 1307 1611 ex·

298 1654 459 1743 peditiono
489 1651 593 1719 ltalica
630 1650 788 1738 prohibita
819 1663 899 1730 sunt
957 1663 1047 1722 Anno
1081 1652 1212 1720 demum
1236 1649 1305 1718 904

296 1760 428 1845 Sergius
457 1759 490 1822 lll
528 1758 638 1823 iterum
674 1770 800 1822 oreatus
836 1777 909 1823 cum
943 1760 1057 1827 sedem
1092 1755 1304 1847 apostolicam

297 1886 399 1955 usque
428 1863 468 1930 ad
493 1877 633 1930 mortem
652 1863 825 1935 obtineret.
851 1863 994 1932 Formosi
1017 1866 1150 1935 decreta
1173 1874 1207 1929 et
1226 1882 1305 1930 con-

297 1973 502 2046 secrationes,
526 1969 659 2055 epistola
683 1971 725 2036 ad
746 1968 898 2035 dmelium
923 1972 1112 2059 episcopum
1135 1969 1304 2036 Uzeticen-

296 2100 365 2150 sem
387 2077 461 2144 data
485 2075 565 2143 haec
586 2076 725 2144 docente
744 2081 783 2156 ²),
807 2089 938 2143 cunctas
963 2079 1013 2145 vel
1036 2076 1137 2166 irritas
1161 2075 1236 2142 lecit
1254 2073 1305 2141 vel

296 2205 457 2274 nunquam
481 2184 616 2250 valuisse
641 2183 794 2270 judicavit
821 2197 917 2272 atque
938 2183 1064 2252 Amulio
1095 2202 1226 2270 semper
1253 2200 1306 2249 re-

298 2294 382 2381 gium
417 2290 519 2356 solum
555 2310 671 2355 nomen
706 2290 855 2377 imposuit
879 2295 919 2372 ⁸).
977 2291 1043 2357 lico
1078 2290 1171 2377 igitur
1206 2285 1305 2354 modo

298 2400 367 2485 ejus
393 2397 533 2463 unctioa
555 2394 699 2461 iohanne
718 2397 753 2460 lll
777 2395 960 2462 solemniter
983 2394 1106 2463 sublata
1129 2413 1303 2482 nunquam,

297 2514 446 2591 quantum
470 2503 604 2577 scimus,
629 2500 761 2566 decreto
785 2495 890 2587 papali
914 2502 1021 2569 denuo
1044 2515 1112 2570 rata
1136 2501 1220 2567 lacta
1244 2510 1304 2566 est.

297 2610 376 2675 Cum
399 2622 503 2675 tamen
528 2606 610 2672 lacta
634 2605 820 2673 rescindere
843 2629 905 2674 non
929 2608 1032 2683 liceat,
1056 2627 1158 2696 usquo
1182 2606 1224 2673 ad
1248 2604 1306 2672 ho·

298 2716 442 2782 dicrnum
468 2713 552 2778 diem
578 2714 659 2778 inter
682 2733 804 2794 omnes,
828 2715 962 2781 Beronio
985 2715 1148 2782 etllausic
1168 2723 1305 2781 tantum-

198 2817 200 2822 ’
296 2821 394 2889 modo
429 2820 588 2906 exceptis,
614 2838 697 2885 -eum
732 2819 903 2906 legitimum
938 2821 1163 2907 imperatorem
1205 2831 1304 2907 atque

295 2929 435 2996 ultimum
451 2926 580 3015 quidem
596 2946 635 2992 cx
653 2926 838 2992 Carolorum
862 2927 959 3013 stirpe
983 2927 1079 2993 luisse
1103 2939 1235 2996 constat
1261 2960 1304 2976 -·-

385 3036 454 3099 lam
471 3097 472 3100 ,
487 3053 563 3099 vero
590 3032 703 3098 ltaliam
729 3031 979 3098 discordiae'ac
1003 3033 1213 3099 contentionis
1236 3031 1305 3119 ple·

298 3161 371 3206 uam
414 3159 453 3204 ac
488 3149 667 3204 scortorum
705 3137 951 3204 dominationem
978 3159 1066 3208 'mox
1100 3138 1304 3208 toleraturam
1386 3181 1389 3186 .

299 3245 520 3334 relinquentes,
545 3264 617 3310 curn
636 3244 827 3330 imperatore
852 3244 882 3309 in
904 3243 1105 3310 Germaniam
1125 3243 1306 3324 redeamus,

298 3351 352 3418 ubi
386 3350 491 3440 paullo
527 3362 599 3438 post
635 3370 749 3416 novam
786 3349 995 3417 calamitatem
1033 3349 1167 3438 pertulit.
1225 3349 1304 3417 Cum

298 3456 381 3523 enim
406 3477 518 3522 mense
541 3462 680 3543 Augusto
704 3456 811 3522 medio
831 3458 857 3542 ⁴)
882 3454 1088 3522 Forchhcimii
1123 3457 1305 3523 contionem

279 3562 432 3644 ⁸liaberet
461 3563 644 3650 generalem
676 3563 764 3628 ruina
795 3561 931 3629 aedificii
962 3562 1127 3650 cujusdam
1168 3562 1307 3654 graviter

297 3666 430 3736 affectus
461 3680 517 3734 est.
566 3667 718 3757 Equidem
749 3667 831 3735 hanc
859 3689 937 3748 rem,
967 3688 1052 3756 quac
1088 3667 1118 3734 in
1140 3666 1306 3736 annalibus

370 3967 397 4036 ll
433 3972 508 4023 Perta
529 3973 605 4038 chg.
623 3973 641 4034 l,
663 3975 723 4024 888
794 3970 821 4035 8)
857 3971 1037 4035 Bouquettx,
1058 3974 1118 4023 818.

372 4058 399 4120 c)
437 4059 483 4110 cfr
500 4062 622 4126 Nougnrt.
642 4061 659 4122 l,
680 4065 740 4125 888,
759 4060 970 4124 lappenbergl,
992 4063 1033 4110 88.

374 4144 400 4214 tl
439 4148 552 4199 Chartae
580 4148 614 4198 ibi
638 4148 717 4200 datae
741 4152 804 4200 suut
827 4148 914 4199 dlet.
936 4142 1077 4212 (dochmor
1103 4140 1183 4214 arat)
1212 4148 1239 4198 et
1264 4103 1308 4196 die

303 4239 345 4290 18.
363 4236 473 4302 Augusti
491 4249 577 4288 mens.
594 4234 707 4302 (Erhard
725 4237 786 4302 Reg.
804 4237 869 4287 Hist.
885 4233 1012 4299 Waatiql
1032 4229 1106 4300 trs).
