2796 4958
583 654 638 720 ol

110 833 245 901 Saxonia
275 832 368 920 igitur
397 830 459 897 boc
490 827 630 896 modoa
661 827 797 894 caeteris
821 828 992 914 provinciis
1015 834 1116 920 inagis

111 941 269 1031 disjuncta
292 938 421 1025 propria
444 935 633 1004 condicione
656 954 728 1000 eam
758 953 889 1021 quoque
914 933 956 1001 ob
985 957 1116 1005 oausam

109 1067 167 1111 usa
192 1065 267 1110 csse
290 1043 421 1120 videtur,
445 1039 533 1130 quod
556 1039 597 1106 ibi
620 1060 684 1107 non
708 1051 789 1118 tam,
813 1059 908 1127 quam
932 1040 1014 1107 iuter
1037 1043 1114 1112 alias

110 1163 223 1238 gentes
253 1149 433 1226 Francioas,
470 1147 680 1236 ingenuorum
716 1144 831 1212 ordina
862 1144 1036 1214 admodum
1068 1149 1115 1216 tli-

110 1258 236 1333 minuto,
258 1275 370 1321 omnes
393 1265 446 1320 aut
469 1265 559 1320 erant
583 1252 674 1319 vassi.
697 1263 750 1317 aut
765 1251 924 1323 seniores:
948 1274 1020 1319 nam
1038 1254 1113 1324 dum

110 1363 218 1430 Franci
243 1381 271 1426 a.
293 1359 355 1426 atil
378 1380 450 1426 cum
463 1359 652 1426 Normannis
673 1356 827 1444 proelium
848 1357 944 1424 modo
965 1375 1116 1448 equestre

109 1469 217 1535 iacere
235 1462 343 1532 volunt
363 1467 397 1552 ¹),
415 1463 576 1552 pedestris
597 1463 741 1549 imperiti,
759 1464 904 1529 Saxones
923 1476 1037 1551 postea
1055 1468 1115 1535 sub

108 1574 257 1639 Heinrico
290 1590 369 1657 rege
401 1568 538 1657 pedibus
578 1588 702 1634 merere
738 1569 897 1648 consueti,
935 1569 1042 1639 denuo
1076 1595 1117 1640 ex

110 1698 194 1767 equo
219 1696 362 1767 pugnare
387 1674 547 1742 discerent
570 1695 707 1741 necesse
735 1685 806 1740 erat
822 1672 859 1759 ¹).
912 1677 982 1755 Qua
1011 1699 1050 1746 ex
1081 1703 1117 1757 ra

110 1786 192 1850 inter.
217 1783 284 1848 ibas
314 1781 408 1848 tutius
438 1781 545 1870 populi
576 1779 783 1848 heribannum
804 1781 869 1868 jam
894 1781 992 1868 valde,
1011 1787 1117 1855 exole-

109 1893 192 1956 visse
216 1889 450 1976 cognoscimus.

195 1992 339 2060 Amulius
375 1993 469 2060 natali
501 1995 626 2061 Domini
659 1996 771 2061 iterum
806 1992 997 2062 lintisbouae
1031 2011 1115 2077 acto,

107 2122 220 2168 mense
260 2095 384 2166 Martio
405 2120 431 2166 a.
460 2100 527 2166 890
557 2099 803 2191 Omuntesbergi
825 2099 853 2184 ⁸)
890 2101 920 2165 in
957 2103 1116 2172 Pannonia

110 2229 183 2275 cum
203 2206 400 2294 Suatupluco
423 2205 613 2295 colloquium
638 2203 746 2271 babuit
763 2205 805 2292 ⁴),
836 2226 943 2294 aquo
967 2207 1060 2275 letale
1084 2211 1117 2276 il-

108 2314 165 2380 lud
187 2325 219 2379 et
248 2313 372 2400 utrique
402 2311 522 2399 populu
554 2311 769 2398 perniciosum
798 2310 916 2377 bellum
940 2333 999 2398 per
1029 2333 1118 2382 com-

108 2422 216 2509 plures
238 2429 350 2485 contra
366 2417 513 2485 lloruvos
536 2417 685 2485 continuo
707 2429 833 2505 gastum
855 2418 972 2484 initium
987 2422 1117 2508 cepisse

108 2527 240 2593 videtur.
269 2525 342 2594 Rex
366 2524 523 2590 lloraviae
551 2535 615 2590 tum
640 2544 798 2589 summum
823 2524 947 2590 culmen
973 2526 1117 2596 fortunae

111 2633 247 2719 adeptus
278 2650 384 2719 neque
415 2630 520 2696 animo
552 2631 653 2696 minor
676 2649 771 2718 quam
800 2628 934 2718 opibus,
964 2632 1117 2703 omnibus

110 2738 256 2826 gentibus
280 2736 412 2802 Slavicis
436 2756 456 2801 a
478 2736 583 2803 Dravo
611 2734 706 2802 lluvio
731 2735 898 2823 usquead
922 2736 1027 2803 Salam
1050 2759 1117 2805 am·
1222 2742 1225 2749 “

110 2867 183 2912 nem
206 2841 396 2930 imperabat,
427 2860 500 2907 cum
525 2852 557 2906 et
581 2853 708 2929 praetor
729 2840 914 2916 licaoniam,
947 2843 1036 2929 cujus
1061 2866 1117 2911 no·

110 2972 184 3018 men
215 2961 319 3017 terrae
349 2967 452 3035 usque
482 2944 524 3011 ad
546 2946 723 3013 Danubium
753 2956 785 3012 et
809 2946 966 3013 Granuam
990 2947 1118 3017 flumina
1222 3037 1227 3045 .

109 3070 143 3126 et
165 3067 306 3123 montem
330 3055 461 3121 Metram
485 3051 665 3140 impositum
690 3065 758 3120 erat
778 3057 817 3133 Ι),
842 3054 977 3120 inanima
996 3055 1117 3123 Panno-

109 3197 308 3213 κ--υ--Φ-

183 3289 208 3357 l)
245 3285 410 3347 Auulnio..
431 3288 490 3336 tal.
561 3279 588 3352 2)
622 3287 764 3337 Wlduliind
784 3287 802 3347 l,
822 3290 863 3347 82,
885 3290 926 3336 tn.

181 3373 206 3445 t)
243 3380 320 3428 locus
343 3376 463 3440 ignatus,
493 3385 575 3442 quem
603 3374 751 3437 Copiian'us
776 3371 915 3438 (Glagoiita
934 3373 1072 3423 Clozianus
1094 3387 1120 3436 p.

109 3465 212 3528 millii)
236 3477 378 3529 perperam
397 3461 577 3526 lliinzenbarg
601 3463 628 3511 in
645 3462 809 3525 Obersteyer
830 3473 891 3511 esso
912 3461 1028 3523 putavit:
1053 3460 1119 3511 baec

110 3558 178 3608 enim
196 3551 270 3617 regio
289 3566 425 3615 nunquam
443 3552 576 3603 Pannonia
595 3556 722 3601 vocatur:
737 3575 769 3585 -

183 3643 207 3702 l)
244 3637 399 3690 Annium.
419 3643 477 3689 aot.

180 3726 205 3793 t)
242 3727 376 3779 Scbalarilr
394 3727 461 3777 slav.
480 3724 659 3777 Alterthiimer
677 3725 719 3777 ed.
737 3727 851 3788 Wuttke‚
864 3722 894 3788 ll,
908 3729 967 3778 tsi.
987 3721 1120 3778 Constan-

110 3820 180 3867 tinus
204 3811 251 3880 (da
271 3817 365 3866 admiu.
383 3818 436 3878 imp
464 3829 487 3864 c.
510 3813 570 3877 tt),
598 3815 748 3866 Danubium
770 3816 968 3866 meridionalem
986 3816 1119 3866 Moraviae

109 3905 188 3954 finem
213 3903 303 3965 fuisse,
324 3907 414 3966 aperte
432 3903 473 3952 his
494 3902 583 3953 verbis
602 3903 711 3954 indicat:
731 3901 909 3965 „namtxoiow
926 3901 977 3971 μέν
994 3903 1019 3954 ol
1038 3898 1121 3969 Toiso-

109 4011 151 4045 ποι
177 3993 292 4062 πέραθεν
319 3989 364 4044 τοῦ
396 3989 547 4057 Aaronom<
568 3988 685 4058 ποταμοῦ
710 3993 744 4045 eia
766 3988 812 4056 τήν
836 3991 875 4054 τῆς
897 3993 1039 4060 Μοραβίας
1061 3985 1119 4056 γῆν,

110 4078 176 4133 ἀλλά
195 4079 240 4131 καὶ
257 4081 338 4132 ἔνθεν
356 4085 407 4130 etc.
446 4077 475 4129 lu
503 4081 645 4142 diplomata
664 4080 774 4129 Heinricl
793 4079 827 4128 lv
846 4093 869 4128 a,
890 4081 958 4127 1⁰86
983 4075 1046 4127 dato
1063 4076 1119 4126 lilo-

109 4174 181 4221 ravia
201 4173 291 4233 patara
311 4170 405 4220 dicitur
424 4181 510 4232 usque
530 4167 565 4216 ad
583 4167 692 4215 iluvium
712 4167 779 4231 Wag
797 4169 824 4215 et
846 4166 938 4215 silvam
957 4160 1035 4216 Maur
1053 4164 1118 4237 (lla-

110 4252 160 4324 ira)
180 4273 221 4322 ap.
242 4254 355 4310 Cosmae
373 4257 469 4307 Chron.
488 4256 608 4305 Boemor.
627 4249 656 4314 ΙΙ,
679 4258 710 4302 ³7
730 4253 815 4312 (Perta
834 4253 879 4302 SS.
899 4251 944 4315 ix,'
960 4247 1013 4317 92).
1034 4275 1062 4287 ··
