2796 4958
699 995 933 1088 comm.

378 1164 598 1282 Arnnlsus
631 1166 880 1311 inperator
912 1169 1031 1307 (suo
1052 1076 1106 1246 ξ-
1126 1170 1264 1309 stet.

404 1418 590 1506 Priusquam
621 1440 690 1497 res,
727 1438 810 1507 quae
842 1417 915 1484 dein
948 1421 977 1486 in
1010 1417 1179 1486 Germania
1212 1431 1327 1506 gestae

316 1534 396 1600 sunt,
421 1545 660 1614 persequamur,
684 1526 864 1593 universam
890 1548 994 1592 rerum
1026 1525 1201 1592 italicarum
1226 1537 1328 1591 muta-

315 1627 433 1695 tionem
465 1652 661 1717 exponamus
692 1653 830 1699 neeesse
861 1641 919 1699 est.
977 1627 1098 1698 Etenim
1127 1630 1327 1708 Lambertus,

316 1755 412 1821 quem
436 1733 656 1824 Liudprandus
681 1736 878 1826 „elegantem
899 1733 1059 1825 juvenem,
1083 1730 1189 1804 adbuc
1206 1737 1328 1824 ephoe-

315 1833 392 1904 bum
416 1838 572 1930 nimisque
595 1834 805 1911 bellicosum''
830 1844 927 1911 luisse
950 1842 1044 1909 tradit
1068 1838 1108 1928 ¹'),
1133 1863 1246 1929 regem
1272 1863 1327 1908 ae·

316 1956 441 2032 grotum
466 1959 528 2013 tam
554 1970 667 2036 parurn
692 1950 818 2028 veritus,
841 1962 873 2016 ut
892 1950 959 2038 jam
983 1948 1036 2015 die
1060 1949 1090 2015 4.
1114 1948 1183 2036 Maji
1209 1950 1328 2032 mensis

315 2074 425 2119 rursus
448 2054 544 2120 Ticini
567 2055 725 2123 resideret
744 2061 784 2136 ²),
807 2056 880 2123 inde
903 2054 945 2122 ad
969 2054 1179 2123 Mediolanum
1204 2076 1329 2142 oppug-
1364 2132 1370 2147 ι

316 2160 457 2226 nandum
482 2162 634 2237 accessit,
665 2162 752 2251 quod
778 2186 840 2229 non
864 2161 967 2230 solnm
991 2161 1116 2229 Amulio
1140 2159 1237 2226 fidem
1262 2181 1329 2226 ser-

317 2276 454 2343 vaverat,
479 2288 587 2333 verum
613 2268 708 2335 etiam
733 2265 1035 2357 depopulationibus
1059 2287 1207 2355 magnum
1232 2263 1329 2331 hosti-

318 2371 380 2437 bus
412 2371 563 2438 damuum
594 2372 797 2454 intulerat⁸).
852 2372 991 2440 Ratollus
1020 2371 1220 2460 imperatoris
1249 2368 1329 2437 filius

317 2471 524 2544 natu'minor
554 2498 593 2543 ex
625 2478 806 2546 concubina
835 2490 1024 2565 susceptus,
1058 2498 1158 2567 quem,
1187 2476 1229 2552 is,
1264 2477 1329 2553 „ad

319 2583 417 2650 fidem
440 2583 566 2650 Italicae
597 2585 725 2672 gentis’'
757 2595 790 2649 et
818 2584 860 2650 ad
890 2582 1065 2650 subsidium
1086 2581 1271 2672 Magiolredi
1302 2584 1330 2650 in

319 2689 400 2756 urbe
424 2689 473 2755 illa
497 2689 680 2779 reliquerat,
710 2710 789 2777 prae
818 2690 931 2757 timore
956 2690 1114 2757 lamberti
1138 2711 1202 2756 non
1233 2689 1329 2783 multo

318 2808 394 2884 post
424 2806 546 2883 patrem
578 2817 637 2885 per
664 2796 789 2862 Larium
818 2795 923 2862 lacum
954 2816 992 2861 ex
1018 2795 1104 2861 Italia
1135 2794 1277 2861 decessit
1296 2795 1330 2883 ⁴),

321 2901 412 2970 hanc,
433 2902 514 2968 viam
548 2903 649 2967 minus
679 2902 782 2969 tritam
804 2903 830 2988 ⁶)
854 2912 943 2969 certe
968 2921 1039 2967 eam
1064 2900 1107 2967 ob
1131 2902 1331 2984 causam‘iu-

321 3027 467 3093 gressus
498 3008 570 3094 quia
597 3009 776 3094 Bereugarii
794 3008 889 3073 ¹vires
913 3005 1124 3094 Tridentinam
1145 3006 1331 3075 intercluse-

320 3123 401 3178 rant.
445 3111 602 3190 Quamdiu
627 3111 848 3199 llaginiredus
872 3112 924 3201 qui
948 3112 1065 3178 nullum
1090 3112 1202 3178 veniae
1225 3110 1331 3180 locum

319 3204 437 3295 habuit,
461 3218 610 3284 exercitui
634 3217 735 3285 hostili
758 3219 922 3296 restiterit,
947 3229 1036 3284 certo
1061 3215 1183 3282 definiri
1207 3223 1332 3309 nequit;

323 3344 394 3390 oum
419 3336 524 3391 autem
541 3324 673 3392 Octobri
696 3345 808 3390 mense
832 3324 935 3412 primo
960 3323 1029 3409 ejus
1049 3327 1222 3391 successor
1239 3327 1332 3392 dme-

323 3430 404 3497 deus
435 3451 546 3498 comes
576 3432 658 3497 sacri
684 3430 788 3518 palatii
812 3428 904 3496 nobis
927 3441 1076 3516 occurrat
1095 3429 1136 3515 ⁶),
1168 3443 1241 3498 ante
1271 3431 1334 3499 hoc

322 3549 447 3623 tempus
477 3538 634 3604 civitatem
664 3549 875 3624 expugnatam
908 3555 1000 3626 esse,
1030 3555 1135 3625 oeque
1166 3537 1252 3604 illum
1274 3558 1335 3625 per

325 3643 582 3731 quinquennium,
606 3664 689 3731 quae
714 3653 763 3708 est
784 3639 978 3727 Liudprandi
1001 3642 1167 3722 sententia,
1191 3643 1250 3710 sed
1275 3664 1336 3732 per

324 3751 490 3816 triennium
515 3761 634 3816 tantum
665 3749 703 3814 illi
728 3746 925 3835 perduellem
954 3749 1112 3815 exstitisse
1134 3749 1335 3837 manifestum

399 3968 424 4030 t)
462 3969 522 4021 Ant.
543 3970 562 4035 l,
584 3977 624 4023 st.
696 3972 721 4034 2)
756 3973 895 4035 Boehmer‚
916 3976 994 4024 128¹».

399 4057 424 4118 3)
460 4058 572 4124 Liudl,
594 4064 634 4110 38.
708 4060 732 4118 ll
769 4061 1011 4123 Ann.Fuld.,896.

398 4145 425 4204 tl
459 4147 531 4195 Viam
556 4149 694 4212 ingressus
719 4152 761 4199 est
779 4164 828 4212 por
846 4151 985 4212 Spelugarn
1008 4152 1127 4199 montem
1149 4149 1176 4198 et
1200 4145 1336 4198 civitatem

327 4230 490 4285 (lunensem.
509 4261 541 4273 -
616 4233 641 4295 6)
679 4237 766 4286 Glutini
785 4250 895 4287 mernor.
913 4237 938 4286 di
959 4233 1054 4288 billunc
1071 4234 1103 4300 ll,
1125 4239 1185 4286 tra.
