2796 4958
551 672 626 740 ue

76 840 197 917 desani
218 851 253 916 ‚at
275 839 388 916 iterum
412 839 443 903 in
468 840 621 914 membris
640 843 709 910 suis
735 842 892 911 Christum
917 845 1088 931 erueifigi”,

72 945 236 1015 Arnullum
266 945 378 1031 „pium
409 946 619 1014 eeclesiarum
649 949 876 1018 delensorem''
904 950 1087 1037 appellave-

72 1064 163 1131 runt,
195 1053 250 1141 qui
280 1052 344 1125 tale
374 1053 422 1119 eis
452 1052 592 1125 reddidit
621 1076 828 1142 responsum:
866 1059 954 1135 „Nos
984 1059 1084 1141 igitur,

71 1157 190 1247 quibus
223 1159 313 1249 regni
347 1178 424 1233 eura
460 1170 492 1224 et
522 1160 692 1231 solicitudo
727 1163 936 1230 ecelesiarum
971 1164 1082 1231 Christi

71 1265 246 1353 commissa
268 1276 333 1343 est,
361 1265 452 1331 aliter
474 1285 608 1351 regnum
632 1279 664 1333 et
690 1269 856 1354 imperium
880 1273 952 1356 jure
977 1271 1083 1337 eecle-

70 1371 203 1449 siastioo
225 1391 340 1458 regere
360 1382 394 1437 et
419 1370 602 1458 gubernare
625 1395 689 1441 uon
713 1396 900 1460 possumus,
930 1376 988 1439 nisi
1012 1375 1080 1454 hos,

70 1477 127 1565 qui
148 1475 322 1555 eeelesiam
345 1478 474 1557 Christi,
497 1500 561 1546 non
584 1478 763 1557 habentem,
787 1495 821 1546 ut
842 1482 1006 1568 apostolus
1029 1482 1079 1560 ait,

71 1582 231 1667 maculam
248 1605 359 1673 neque
382 1606 508 1672 rugam,
540 1584 743 1663 conturbant,
774 1586 844 1652 zelo
868 1586 942 1652 fidei
967 1608 1079 1673 perse-

73 1690 240 1776 quamur!
294 1690 418 1761 Deinde
453 1690 601 1760 omnibus
634 1691 803 1759 comitibus
833 1693 1012 1779 imperavit,
1046 1705 1080 1759 ut

68 1815 141 1887 ‚eos
164 1795 217 1885 qui
232 1798 501 1873 ‚exeommunicati
525 1799 751 1886 poenitentiam
779 1820 843 1877 non
866 1812 1015 1886 agerent,
1046 1799 1077 1865 in

67 1921 163 1969 suum
191 1898 391 1979 deducerent
416 1905 569 1991 judicium
599 1918 695 1993 atque
725 1918 758 1972 at
787 1906 916 1992 impune
941 1927 1015 1980 eos,
1049 1906 1076 1971 si

68 2028 250 2096 repugnare
272 2009 442 2088 auderent,
472 2010 652 2079 interlicere
674 2012 797 2079 liceret-
848 2012 919 2088 Quo
942 2011 1076 2076 decreto

67 2114 176 2182 animo
195 2115 420 2191 sacerdotibus
443 2117 638 2196 accedente,
662 2139 794 2204 magnas
818 2129 929 2183 eontra
954 2135 1075 2189 omnes,

69 2219 176 2307 quiin
199 2221 371 2301 ecelesiam
403 2221 559 2290 maleficia
591 2223 807 2301 admitterent,
843 2241 967 2308 poenas
1002 2240 1077 2305 pro-

68 2326 301 2414 mulgaverunt,
340 2329 416 2414 lega
451 2330 649 2408 sancientes,
691 2342 724 2395 ut
759 2329 877 2395 elerico
912 2326 1074 2393 vulnerato

69 2433 168 2500 multa
195 2434 353 2522 episcopo
377 2434 541 2522 judicante
565 2436 803 2523 persolveretur
824 2436 905 2522 (ean.
928 2435 974 2511 ll,
997 2434 1073 2518 XX);

68 2559 129 2625 pro
160 2537 278 2615 clerieo
305 2553 422 2628 sponte
451 2542 657 2628 interempto,
689 2541 883 2629 poenitentia
917 2551 1075 2626 ageretur,

67 2665 285 2731 peromnem
314 2649 407 2714 vitam
438 2647 586 2716 duratura
616 2649 655 2731 (e.
679 2650 727 2732 V);
764 2658 812 2726 ut,
848 2647 900 2734 qui
931 2647 1074 2712 iuventus

68 2740 157 2818 esset
190 2757 397 2840 „corrupisse
427 2753 565 2820 bannum
595 2753 637 2818 ab
670 2754 826 2840 episeopo
862 2752 1073 2835 impositum'’,

67 2857 276 2945 castigatione
301 2859 520 2927 ecclesiastiea
544 2859 752 2947 quadraginta
776 2857 898 2923 dierum
928 2854 1072 2920 allicere·

66 2974 119 3031 tur
140 2963 182 3046 (c.
204 2965 282 3049 Vlll).
326 2966 388 3031 Eos
410 2980 533 3043 autern,
563 2965 615 3053 qui
638 2985 693 3029 res
716 2963 924 3030 ecelesiarum
951 2960 1074 3047 rapuis-

67 3083 155 3149 sent,
177 3069 240 3138 bae
263 3092 368 3155 poena
392 3073 573 3150 multarunt,
599 3084 632 3137 ut
655 3069 777 3156 triplum
803 3089 913 3139 eorum
939 3068 1073 3154 pretium

67 3175 210 3255 reddere
226 3188 439 3264 ¹cogerentur,
463 3179 668 3245 vehomenter
692 3177 722 3243 in
747 3197 805 3242 eos
828 3175 875 3241 his
898 3175 1003 3241 verbis
1028 3174 1073 3239 in·

67 3282 167 3361 vecti:
203 3283 484 3370 „Teauquillitateru
515 3287 591 3350 Stae
623 3285 678 3348 [lei
710 3282 868 3348 ecelesiae
899 3280 1074 3366 inquietari,

66 3399 100 3457 el
123 3407 240 3476 pacem
261 3388 431 3456 fraternam
455 3391 608 3468 infestari,
640 3400 792 3454 testantur
815 3387 900 3452 lares
924 3397 957 3450 et
979 3384 1073 3450 latro·
1112 3450 1114 3454 .

66 3515 136 3571 nes,
159 3495 213 3582 qui
238 3491 398 3561 ambulant
418 3497 498 3562 inter
518 3518 577 3563 nos
593 3496 686 3561 ovina
702 3493 785 3580 pelle
801 3490 988 3566 obumbrati,
1012 3489 1072 3556 sed

65 3600 179 3688 lupina
198 3610 305 3681 mente
327 3603 483 3668 recedunt
506 3601 639 3678 alienati,
661 3621 715 3666 res
736 3599 953 3676 ecelesiarum,
975 3618 1072 3663 saeva

67 3719 176 3775 mente
198 3704 344 3785 adducti,
372 3709 534 3795 rapientes
558 3719 589 3773 et
619 3727 753 3794 gregem
782 3705 973 3776 dominicam
997 3724 1074 3789 spo-

68 3811 379 3881 liandolacerantes
397 3851 440 3864 —
456 3814 645 3901 judicamus,
669 3824 703 3879 ut
721 3813 750 3887 ,si
774 3812 844 3900 quis
868 3849 907 3862 -
929 3810 1073 3879 inventus

67 3918 161 3985 luerit
183 3917 297 3983 lurtum
321 3911 377 3984 aut
396 3924 537 4006 rapinam
563 3940 733 3999 exercere,
761 3920 791 3984 in
816 3923 885 4005 ipso
914 3915 1076 3986 diabolico

68 4037 142 4091 aetu
161 4036 301 4113 ,mertem
326 4038 486 4091 mereatur
509 4027 687 4106 incurrere;
711 4025 811 4090 nullus
837 4044 894 4110 pro
919 4043 958 4089 ee
979 4043 1075 4110 prae·

68 4143 174 4197 sumat
202 4150 310 4205 orare,
345 4141 399 4196 aut
431 4130 671 4221 eleemosynam
702 4130 779 4196 dare
805 4141 838 4194 et
867 4127 1075 4220 eleemosyna

68 4257 129 4325 pro
154 4258 195 4305 eo
218 4235 309 4327 data,
337 4236 368 4302 in
391 4238 577 4306 memoriam
602 4237 790 4319 elericorum
813 4254 875 4317 nee
898 4256 1075 4325 pauperum
