2796 4958
107 838 219 906 uoiurti
251 857 364 904 meuse
387 835 466 903 lulio
489 843 518 913 ¹)
546 846 703 902 conventu
736 854 809 900 cum
841 834 968 902 Francis
998 834 1113 912 babitu,

107 966 181 1011 curn
216 965 392 1032 permagno
428 942 568 1008 exercitu
602 954 712 1009 contra
744 939 918 1008 Obodritos
952 942 1115 1028 proiectus

106 1064 168 1128 est,
187 1053 240 1138 qui
264 1050 305 1116 ab
330 1071 390 1116 avo
417 1049 485 1136 ejus
508 1047 669 1114 Ludovico
693 1069 721 1114 a.
745 1047 811 1114 866
835 1047 866 1112 in
890 1047 1041 1114 ditionem
1065 1068 1115 1115 re·

107 1156 191 1221 danti
210 1162 251 1238 ²),
271 1173 354 1222 nuuc
369 1157 438 1242 ejus
457 1155 589 1240 imperia
606 1154 842 1240 contempsisse
860 1152 1014 1220 videntur.
1048 1154 1121 1220 Sed·

107 1261 149 1327 ibi
172 1282 367 1352 „parumper
395 1259 493 1327 rebus
523 1280 683 1347 prospere
706 1260 827 1345 gestis”
852 1260 869 1326 i.
894 1279 921 1326 e.
946 1259 1039 1327 clade
1061 1280 1114 1327 au·

107 1381 201 1454 cepta
222 1368 370 1434 Aruulius
398 1365 547 1434 celeriter
576 1366 748 1433 exercitum
780 1363 941 1431 dimittens
965 1369 1114 1433 6111611-

105 1476 263 1541 uosnrtunr
287 1494 436 1540 reversus
460 1472 497 1556 ⁸),
518 1471 671 1537 bacinno
691 1492 709 1536 a
731 1471 837 1536 medio
855 1469 987 1538 Octobri
1003 1492 1115 1538 menso

107 1600 209 1668 usquo
242 1580 284 1646 ad
317 1577 532 1645 Decembrem
567 1576 726 1646 ineuntem
761 1587 977 1644 commoratus
1012 1588 1061 1643 est
1079 1579 1115 1665 ⁴).

109 1684 218 1777 ibique
242 1684 398 1771 Egiimuro
423 1684 580 1772 episcopo
605 1681 866 1769 Osnabruggensi
890 1683 1116 1750 immunitatem

107 1790 306 1857 ‘confirmavit
325 1795 351 1876 ⁶)
375 1802 405 1857 et
428 1800 593 1856 utcontra
616 1788 732 1854 nulium
756 1789 878 1879 imperii
898 1789 1032 1870 bostem,
1056 1793 1118 1858 Da·

107 1896 155 1961 nis
178 1898 330 1982 exceptis,
354 1895 507 1973 militaret,
531 1894 688 1984 permisit,
712 1893 770 1960 sed
795 1894 954 1972 decimas,
980 1916 1114 1987 quarum

109 2014 176 2068 tres
201 2013 311 2089 partes
334 2002 527 2070 monasteria
549 2003 637 2070 Nova
659 1999 797 2091 Corbeja
817 2014 850 2068 et
868 2003 1034 2070 Herisorda
1057 2003 1116 2071 sibi

107 2121 310 2200 sumpserant
333 2108 493 2178 ecciesiae
526 2108 596 2196 ejus
619 2127 681 2174 nou
705 2107 847 2177 restituit.
905 2109 1117 2197 Quapropter,

23 2252 28 2260 ·
109 2214 182 2284 licet
199 2216 343 2302 episcopi
357 2213 544 2302 Mogontiaci
563 2213 749 2299 cougregati
770 2214 930 2304 expressis
952 2213 1058 2280 verbis
1076 2220 1117 2295 ⁸),

108 2320 268 2387 coenobia
299 2321 349 2387 iiia
372 2321 402 2384 in
425 2339 516 2386 suam
540 2319 741 2406 recepissent
765 2318 909 2398 tutelam,
942 2320 1116 2407 Egiimarus

109 2448 136 2492 a.
160 2426 228 2492 890
251 2426 293 2492 de
316 2427 427 2512 injuria
450 2424 510 2490 sibi
534 2422 616 2489 illata
639 2422 725 2509 apud
745 2424 977 2510 Stepbauumll
999 2447 1117 2514 papam

111 2544 306 2626 conquestus
336 2543 385 2603 ast
407 2537 452 2610 ¹),
487 2530 540 2627 qui
571 2550 643 2599 eum
673 2530 788 2622 injuste
816 2530 919 2601 reditu
949 2533 1118 2621 spoliatum

111 2659 185 2704 esse
212 2637 364 2725 judicavit
381 2642 429 2717 ⁸),
459 2635 519 2702 sed
547 2649 695 2702 eventum
725 2657 778 2702 res
808 2636 959 2704 babuisse
987 2661 1051 2708 non
1075 2643 1119 2708 vi·

112 2745 213 2813 detur.
237 2777 281 2793 -

203 2855 236 2917 lu
260 2847 462 2936 expeditione
486 2845 536 2912 illa
560 2845 701 2926 Siavica,
724 2867 787 2938 qua
810 2857 963 2935 suscepta
986 2869 1042 2915 rex
1066 2850 1119 2918 die

112 2957 164 3021 23.
190 2939 266 3043 Aug.
291 2975 389 3023 meus.
421 2956 540 3024 Novum
571 2952 742 3041 Corbejam
771 2953 919 3039 venitf'),
949 2954 1119 3025 Saxoniam

112 3084 242 3152 quoquo
266 3059 454 3148 peragravit,
477 3080 578 3146 quam
595 3059 672 3125 alias
696 3059 747 3126 vel
769 3059 850 3126 iortu
874 3059 924 3127 vel
949 3060 995 3127 de
1011 3062 1119 3131 iudus-

112 3172 170 3239 tria
194 3153 266 3234 raro
290 3164 472 3252 attingebat.
517 3167 597 3232 Huic
620 3165 741 3254 regioni
765 3179 856 3244 tunc,
880 3168 1026 3235 Brunone
1051 3171 1122 3237 Liu-

114 3274 189 3345 dolti
222 3288 253 3343 et
277 3271 370 3341 Odae
404 3270 467 3341 filio
491 3277 555 3352 ¹⁰),
586 3270 712 3361 Egberti
741 3283 773 3338 et
802 3272 847 3338 St.
870 3271 945 3340 ldae
976 3295 1015 3343 ex
1045 3275 1124 3342 Euk-

188 3474 212 3532 t)
250 3471 362 3522 Chartae
381 3471 415 3522 ibi
429 3472 506 3521 datae
525 3473 587 3522 sunt
606 3469 700 3520 diebus
715 3472 738 3531 1,
751 3474 775 3531 6,
790 3475 814 3520 6.
837 3469 895 3519 tutu
913 3471 1013 3521 mensis
1026 3466 1123 3539 (Boeb-

116 3576 173 3613 mer
193 3559 406 3620 1666-1666).
425 3585 457 3596 -

188 3642 214 3712 6)
251 3647 411 3708 AnnFuld,
432 3651 491 3702 862.
566 3644 591 3708 6)
627 3644 790 3707 etnuFuid,
811 3650 870 3697 889.

190 3731 215 3801 1)
250 3735 388 3797 Boebmer,
409 3739 476 3786 1667
498 3759 529 3768 -
552 3736 635 3796 1671,
660 3734 701 3784 dte
723 3737 745 3783 1.
763 3733 827 3786 Dec.
844 3748 928 3788 mens.
946 3749 991 3786 rex
1007 3737 1061 3799 jam
1081 3740 1126 3791 Ul·

116 3839 186 3875 marn
205 3825 318 3874 venerat
335 3823 381 3874 cfr.
400 3820 503 3887 Dumge
521 3823 582 3886 Reg.
599 3823 671 3884 aad,
692 3825 732 3873 61.

190 3912 221 3976 6)
256 3911 357 3962 Erberd
386 3924 441 3976 reg.
464 3912 554 3962 histor.
572 3911 691 3962 Westful.
711 3909 730 3974 1,
754 3917 795 3973 66,
821 3909 963 3979 (Boehmer
983 3911 1063 3978 1667)
1082 3918 1128 3969 cfr.

117 3997 224 4053 Moesus
244 3999 407 4051 Osunbrtick.
426 4000 520 4050 Gescb.
539 3997 560 4064 1,
581 4002 673 4049 616-
688 4002 738 4049 616
759 4001 790 4061 (11
808 4001 930 4066 tusgahe
949 4016 973 4054 a.
989 4006 1075 4067 1766).
1094 4035 1127 4046 -

192 4083 234 4154 6)
254 4089 356 4140 Erbard
374 4089 394 4152 1,
414 4093 457 4138 67.
529 4086 556 4149 7)
593 4087 727 4149 11).1,66.
801 4090 827 4150 6)
862 4089 895 4140 ib.
913 4089 931 4153 1,
953 4095 993 4141 67.

192 4176 217 4237 a)
252 4177 390 4238 Boebmer,
415 4179 491 4236 1661,
514 4178 580 4225 Anu.
601 4174 714 4239 Corbej,
735 4179 896 4239 666.(1>6116
915 4180 958 4231 SS.
978 4182 1020 4247 111,
1043 4181 1075 4242 t).
1097 4208 1124 4216 --

175 4258 219 4329 16)
248 4263 353 4328 crudip.
361 4265 524 4330 ap.Letbnitz
532 4265 653 4326 scriptor.
663 4265 868 4318 Bruusvicensia
878 4257 1023 4334 illustrant,
1031 4270 1129 4330 11671.
