2796 4958
538 655 613 719 m

64 827 245 899 Gururdnm
275 843 309 896 et
336 825 513 894 liutfridum
543 826 657 891 iratres
687 843 728 891 uc
749 825 946 914 Stephanum
976 843 1074 921 utque

64 936 249 1003 Odoacrum
272 933 422 1001 comitem
441 934 467 1016 ¹)
490 933 626 998 tornsse
646 931 882 1012 Treuireusem,
912 938 1003 1024 cujus
1027 941 1073 1007 50.

63 1053 209 1110 terventu
224 1040 341 1109 eodem
355 1061 439 1107 nuno
456 1039 538 1104 duas
554 1038 682 1103 chartus
694 1038 840 1117 dederat,
862 1047 1015 1131 suscepit
1039 1056 1073 1113 ut

58 1152 236 1236 ,Augustum
251 1147 448 1213 Trevirorum
469 1165 544 1211 crim
563 1150 706 1210 exercitu
721 1146 864 1225 veniens,
887 1169 946 1216 eos
970 1156 1072 1220 omni-

60 1255 125 1323 bus
147 1252 350 1343 dignitatibus
372 1265 405 1318 et
432 1251 536 1334 fundis
565 1252 719 1336 privaret,
748 1271 846 1337 quos,
876 1261 1071 1328 monasterio

60 1360 105 1427 ud
127 1362 251 1442 Horrea
272 1360 448 1426 Trevireusi
471 1370 505 1424 et
525 1358 571 1423 St
585 1357 669 1423 Petri
692 1358 840 1423 liettensi
861 1360 922 1427 sibi
946 1383 1071 1432 ussum·

58 1467 140 1554 ptis‚
170 1466 252 1533 inter
272 1465 416 1533 asseclas
437 1485 516 1531 suns
546 1463 658 1528 divisit
700 1463 845 1531 Amulius
873 1467 968 1554 igitur
997 1491 1070 1538 cum

59 1593 103 1653 sn
127 1573 358 1641 sermocinatus
388 1571 420 1636 id
449 1570 562 1636 saitem
585 1566 708 1647 effecit,
740 1580 773 1633 ut
793 1570 824 1635 ei
851 1583 917 1639 tres
944 1575 1069 1645 illomm

62 1679 229 1756 comitum,
251 1677 403 1745 Odoacri)
430 1676 501 1743 solo
532 1685 686 1761 excepto,
717 1678 939 1746 reconciliaret
961 1694 995 1748 et
1017 1705 1070 1751 res

60 1784 151 1871 regni
175 1783 397 1859 lothariensis,
421 1792 516 1868 prout
536 1783 653 1866 potuit,
682 1781 884 1868 disponeret,
913 1807 998 1855 nuno
1021 1801 1070 1858 tu-

57 1909 135 1957 men
166 1890 312 1976 sequenti
339 1888 524 1974 Reginarius
554 1887 619 1952 dux
637 1888 681 1973 ¹),
711 1888 754 1954 de
783 1911 849 1976 quo
878 1913 977 1979 snpm
1004 1897 1070 1982 jum

57 1994 279 2073 meminimus,
301 1995 387 2071 adeo
415 1994 447 2058 iu
474 1993 680 2059 Zueutebaldi
717 1993 825 2059 odium
862 1997 1005 2076 incurrit,
1036 2012 1070 2068 ut

57 2100 209 2179 ,omnibu
229 2098 405 2167 honoribus
427 2110 460 2164 et
482 2097 742 2186 possessionibus
763 2101 927 2184 spoliatus,
951 2103 992 2170 ab
1016 2105 1068 2172 illo

60 2209 141 2283 iutru
161 2206 417 2295 quatwordeoim
440 2205 511 2270 dies
535 2226 576 2269 ex
600 2226 701 2291 regnu
722 2205 884 2272 secedere
892 2208 1068 2294 juberetur.

57 2314 183 2403 Regino
208 2314 296 2393 testis
320 2313 430 2378 burum
453 2332 561 2376 rerum
585 2309 651 2376 lide
667 2310 925 2396 dignissimusac
940 2315 1070 2383 minime

59 2406 148 2506 regis
169 2419 300 2491 inimicis
323 2418 441 2494 fautor,
475 2417 550 2482 licet
573 2437 664 2483 sunm
694 2418 883 2483 sententiam
907 2441 1069 2509 nunquam

60 2545 141 2612 pree
169 2545 208 2592 se
235 2525 325 2602 leret,
358 2523 476 2588 ducem
507 2524 664 2590 immerito
692 2544 768 2590 esse
798 2523 990 2604 damnatum,
1019 2527 1070 2594 liis

60 2630 169 2698 verbis
193 2630 334 2697 iudicare
356 2628 495 2696 videtur:
518 2629 765 2707 „zuentiboldus
790 2632 988 2718 Reginurinm
1013 2633 1071 2700 du·

59 2757 133 2805 cem
161 2735 223 2803 sibi
252 2735 439 2807 fidissimum
468 2746 502 2800 et
531 2735 657 2800 unicum
690 2736 922 2812 consiliarium,
957 2740 1068 2806 nescio

60 2841 154 2927 cujus
174 2841 321 2909 instinctu
338 2841 386 2925 (l)
411 2861 484 2907 ase
507 2840 668 2925 reppulit.”
713 2841 889 2926 Gngernius
909 2841 937 2925 ⁸)
961 2862 1068 2908 veram

59 2945 245 3017 discordiae
267 2967 398 3013 eausam
423 2967 461 3020 se
483 2947 514 3012 in
538 2944 712 3030 diplomate
728 2946 868 3032 quodam
887 2946 1069 3033 depreben-

59 3051 149 3117 disse
173 3052 320 3137 opinatus
344 3065 490 3139 estque
513 3071 571 3116 rex
595 3048 756 3117 abbatiam
778 3051 824 3117 St.
839 3051 972 3118 Servatii
995 3055 1069 3120 Tru-

53 3157 133 3244 jecti
151 3169 389 3234 consuuetam,
418 3177 515 3244 quam
544 3168 637 3241 peter
668 3156 736 3242 ejus
759 3156 812 3223 die
836 3159 863 3224 1.
883 3158 941 3223 lul.
966 3180 1067 3225 mens.

58 3283 87 3335 o„
106 3261 179 3339 889
202 3261 446 3348 archiepiscopo
467 3260 614 3333 Retbodo
638 3263 814 3330 Trevirensi
837 3261 1012 3335 tradiderat
1032 3264 1067 3346 ⁴),

58 3368 130 3455 ipse
149 3377 256 3439 autem
274 3368 303 3452 ⁶)
326 3366 395 3446 „ob
418 3364 586 3432 fallentium
611 3387 676 3444 om,
699 3368 753 3455 qui
778 3365 953 3452 praelamm
977 3370 1068 3454 epis-

58 3493 177 3560 copum
207 3483 372 3559 totumque
401 3470 481 3537 illius
509 3470 646 3539 witioms
684 3471 966 3556 congregationem
1005 3471 1068 3537 linc
1096 3490 1100 3497 ·

58 3579 141 3651 nelle
164 3582 395 3655 narraverant‚“
425 3576 592 3664 Reginario
621 3575 651 3638 in
681 3575 860 3661 precarium
893 3594 1070 3642 concesse·

56 3696 119 3760 rat,
149 3683 337 3771 Aquisgrani
364 3683 395 3746 in
424 3682 573 3748 contione
598 3678 720 3765 judicio
755 3681 894 3747 omnium
926 3679 1066 3747 fidelium

55 3825 257 3839 *-

131 3882 156 3952 1)
192 3889 339 3938 Hontheim
358 3889 422 3936 llist.
439 3887 537 3935 Trevir.
563 3885 588 3946 1,
613 3888 675 3934 232.
716 3884 754 3934 Eo
775 3885 964 3934 interveniente
991 3885 1068 3940 daton

55 3978 120 4026 snut
145 3975 254 4024 chartae
276 3989 320 4038 up.
338 3975 458 4037 Bouqnet
478 3973 524 4034 tx,
552 3977 617 4036 377,
637 3972 775 4022 Huntheim
795 3970 819 4032 l,
845 3975 895 4019 2³2
916 3968 1067 4033 (Boehmen

59 4068 137 4124 tiss,
161 4064 252 4123 tier).
402 4055 429 4126 e)
459 4061 536 4123 nep,
557 4063 616 4108 ses.

130 4145 156 4213 3)
193 4150 328 4199 Vitudrn.
348 4148 410 4209 imp.
429 4159 455 4208 p.
477 4149 536 4195 tst.
689 4143 713 4204 t)
752 4143 889 4204 Buebmer,
910 4146 989 4192 1018,

129 4241 158 4297 5)
176 4237 326 4300 llontheim,
346 4236 365 4299 l,
386 4238 437 4283 287
458 4233 609 4295 (Boehmen
632 4230 720 4292 1168).

795 4313 866 4377 10*
901 4330 904 4336 ·
