2796 4958
795 649 870 714 ut

331 821 458 888 nomina
485 827 688 906 repererant,
721 841 823 907 regno
853 822 934 889 inter
960 842 998 889 se
1025 820 1143 904 diviso,
1178 827 1337 893 auctumni

329 943 474 1016 tempore
504 945 619 1012 paoem
650 947 723 992 cum
755 929 882 995 Francis
912 928 1070 1007 iecerunt,
1105 931 1197 1019 cujus
1226 932 1339 999 oondi·

332 1038 442 1105 aiones
465 1032 560 1119 piane
584 1033 766 1118 ignoramus
787 1033 821 1117 ¹).
845 1071 889 1085 -

420 1138 546 1207 arnulfo
569 1157 630 1224 per
650 1137 776 1206 hiemen
802 1140 993 1209 Ratisbonae
1016 1155 1253 1222 commorante,
1284 1144 1338 1212 ubi

332 1251 427 1318 etiam
450 1243 633 1314 Anastasius
662 1244 775 1311 Graeci
806 1247 1008 1334 imperatoris
1035 1249 1160 1338 legatus
1189 1250 1235 1317 ad
1264 1272 1339 1318 eum

330 1357 430 1432 venit,
460 1353 490 1419 in
514 1350 643 1417 Bavaria
672 1351 755 1439 ipsa,
788 1374 882 1441 quam
914 1355 1053 1440 inprimis
1084 1357 1174 1445 qnasi
1203 1358 1339 1444 patriam

333 1460 491 1549 ditigebat,
515 1456 630 1524 seditio
650 1469 762 1525 contra
776 1480 849 1525 eum
866 1463 990 1528 concita
1012 1473 1069 1528 est
1113 1464 1338 1530 Potentissimo

333 1570 417 1637 enim
446 1565 538 1652 hujus
561 1565 743 1651 provinciae
768 1566 884 1633 comita
907 1567 1120 1656 Engildeone,
1147 1570 1201 1657 qui
1233 1590 1338 1659 aequo

333 1697 373 1744 ac
395 1677 544 1740 Ernestus
567 1670 627 1737 sub
654 1671 815 1739 Ludovico
840 1673 1030 1740 Germanico
1054 1674 1189 1742 dnobus·
1205 1679 1338 1743 comita-

334 1783 416 1848 tibus
439 1781 468 1846 in
492 1776 583 1864 pagis
596 1779 803 1865 Donaugowe
816 1781 972 1865 superiori
997 1781 1223 1870 etNordgowe
1246 1804 1339 1872 prae-

334 1889 435 1955 fectus
460 1903 600 1951 marcam
623 1904 752 1970 quoque
777 1883 978 1953 Bnhemicam
1006 1887 1281 1958 administraverat
1302 1891 1338 1976 ²),

332 1989 508 2060 honoribus
530 1990 592 2056 ie.
617 1989 802 2055 muneribus
825 1992 891 2056 suis
914 1993 1044 2080 privato,
1068 1994 1259 2083 Hiidigardis
1283 2019 1340 2084 pa-

331 2101 406 2167 riter
422 2095 572 2162 Ludovici
589 2096 624 2160 III
644 2095 706 2161 tilia
725 2097 752 2181 ⁸)
775 2107 905 2175 „contra
928 2098 1111 2166 fidelitatem
1134 2103 1224 2191 regis
1240 2125 1339 2192 agere

332 2204 497 2273 accusata”
514 2203 545 2267 in
558 2203 752 2268 monasterio
765 2202 937 2288 puellarum
955 2204 985 2269 in
997 2205 1097 2272 insuia
1107 2207 1198 2274 iaons
1211 2209 1339 2276 Chiam·

331 2333 388 2378 see
412 2319 595 2377 constructo
620 2308 740 2374 inclusa
763 2319 812 2374 est
832 2310 868 2395 ⁴).
904 2310 1058 2377 Omnibus
1079 2315 1340 2400 possessionibus

332 2419 361 2484 ai
380 2417 406 2501 ⁶)
430 2435 520 2494 „cum
545 2413 677 2480 consilio
702 2425 734 2479 et
753 2415 874 2501 judicio
892 2418 1093 2496 Francorum,
1115 2420 1340 2497 Bawariorum,

330 2525 490 2593 Saxonum
511 2532 606 2608 atque
624 2519 881 2587 Alamannorum*
905 2522 1042 2609 legitime
1058 2523 1228 2612 ademptis,
1250 2548 1340 2595 com·

330 2630 438 2717 piures
463 2639 582 2705 terrae,
611 2647 718 2712 „quas
747 2626 861 2712 injusta
885 2641 917 2694 at
941 2629 1051 2696 fraude
1074 2631 1189 2718 ingenii
1213 2633 1340 2701 invase·

330 2738 409 2813 rat’,
432 2736 644 2820 Megengozo‚
668 2731 877 2799 Erchanbotdi
901 2735 1046 2823 episcopi
1070 2736 1340 2807 Etohstaedtensis

331 2863 428 2909 vasso
457 2837 600 2908 redditae
631 2848 712 2904 sunt.
771 2840 935 2916 Quaenam
970 2840 1062 2928 hrrJ'us
1092 2844 1339 2931 conspirationis

332 2969 429 3015 causa
460 2956 492 3012 et
526 2944 690 3010 consilium
720 2943 828 3023 tuerit,
862 2946 893 3010 in
923 2947 1049 3012 testium
1077 2948 1184 3036 inopia
1214 2950 1339 3018 definiri

332 3055 447 3142 nequit.
498 3050 576 3116 Cum
600 3062 706 3116 antem
730 3049 882 3137 Engiideo
905 3061 939 3116 et
960 3052 1150 3141 Hiidigardis
1172 3055 1205 3121 in
1228 3056 1338 3124 charta

331 3158 446 3226 Amulii
470 3169 631 3244 tamquam
662 3156 741 3222 socii
765 3167 798 3223 ct
822 3156 966 3244 ejusdem
990 3159 1138 3227 facinoris
1163 3163 1339 3254 participes

334 3302 532 3312 ---——-—-

402 3373 427 3434 1)
462 3355 626 3447 anurnio,
646 3375 749 3424 attat·

332 3525 336 3535 Ι
400 3459 426 3526 2)
463 3462 531 3512 Mon.
559 3464 628 3514 Boio.
648 3463 762 3523 XXVIII,
786 3465 809 3526 1,
830 3466 862 3513 81
893 3465 941 3525 „in
968 3477 1038 3528 pago
1056 3464 1209 3532 Nordgowe
1239 3473 1339 3521 vocato

329 3553 354 3601 in
375 3552 499 3600 comitatu
518 3541 559 3600 siri
579 3541 692 3601 senioris
711 3536 913 3617 (Engitdeonis).
936 3530 1089 3604 anamodus
1114 3552 1172 3618 (ap.
1193 3557 1242 3608 I'ez
1263 3559 1337 3610 'thc-

328 3653 398 3690 saur.
423 3637 548 3688 anecdot.
573 3640 589 3699 I,
612 3644 634 3700 s,
657 3635 724 3702 181)
751 3641 798 3702 „in
824 3644 892 3704 pago
917 3632 1240 3696 Vuestarmanr'rom'aroha
1263 3660 1338 3699 nun-

329 3728 426 3790 cupato
446 3749 477 3760 -
497 3727 523 3774 in
546 3728 670 3776 comItatu
689 3726 877 3790 Engitdeonis.”
906 3727 992 3790 (IIaee
1011 3731 1068 3779 erat
1084 3743 1149 3792 pars
1166 3733 1229 3796 pagi
1245 3734 1338 3786 Nord-

328 3812 427 3879 gowe).
445 3813 505 3862 Mon
534 3814 603 3864 Boio.
622 3814 732 3874 xxvtlt,
753 3818 786 3864 13
805 3818 853 3877 „In
873 3830 942 3880 pago
960 3817 1143 3880 Tuonogewe,
1165 3821 1192 3870 in
1210 3824 1337 3874 comitatu

329 3903 370 3951 E.''
399 3903 456 3951 Ann
491 3901 562 3952 FnId.
589 3905 638 3951 895
665 3902 836 3967 „Engitdiem
861 3904 1027 3956 marahensis
1052 3906 1260 3968 Baioariorum’'.
1290 3912 1336 3964 cir.

328 3989 449 4039 Buohner
467 3988 560 4038 Gesch.
580 4002 604 4039 v.
622 3990 725 4052 Baiano,
744 3987 774 4053 II,
796 3994 855 4042 119.

399 4073 424 4140 3)
461 4076 620 4137 Anniani,
642 4079 701 4125 895.
1169 4120 1177 4152 ;

397 4159 422 4226 a)
456 4165 528 4228 neg„
551 4168 609 4225 aas,
629 4164 696 4213 nnn.
716 4152 795 4215 inm.
815 4170 865 4217 sm
888 4168 1168 4234 „cardamomum”

396 4252 421 4311 ὅ)
459 4249 527 4301 Iton.
549 4253 619 4304 Boic.
639 4253 728 4315 XXIII,
750 4257 771 4313 t,
796 4258 843 4303 Ito
864 4254 1015 4319 (coenmer,
1037 4259 1125 4319 trra).
1147 4283 1181 4296 -
