2796 4958
186 761 371 830 'certissimis
395 759 530 826 aedificii
551 759 747 828 adminiculis
770 764 888 841 electis,
914 769 1062 854 exiguum
1087 768 1198 834 saltem

190 870 292 936 futuro
317 868 491 934 architecto
508 867 725 953 adjumentum
743 869 885 937 afferent.
932 875 1082 940 Conabor
1106 897 1197 961 ergo,

192 976 419 1063 diplomatibus
438 976 614 1061 praecipue
631 975 785 1054 adhibitis,
809 997 848 1041 ex
864 982 1012 1046 omuibus
1026 981 1091 1057 iltis,
1116 1002 1199 1068 quae

193 1105 212 1151 a
235 1082 370 1149 testibus
393 1103 499 1147 rerum
522 1091 682 1167 gestarum
707 1082 893 1168 aequalibus
918 1099 971 1150 aut
995 1109 1013 1152 a
1037 1088 1199 1173 scriptori-

192 1190 253 1257 bus
278 1187 507 1275 posterioribus
533 1186 713 1265 traduntur,
744 1188 882 1255 virorum
907 1191 1075 1258 doctorum
1099 1213 1200 1277 opera

194 1296 300 1363 eidem
325 1305 512 1382 argumento
536 1289 652 1356 tributa
675 1313 752 1358 usus
768 1313 806 1357 ea
821 1296 999 1373 enucleare,
1025 1318 1107 1384 quae
1132 1297 1200 1362 sola

194 1402 235 1470 ad
259 1402 419 1468 historiam
452 1398 564 1464 horum
588 1408 767 1485 temporum
798 1400 969 1486 aliquando
1002 1422 1199 1488 componen-

196 1511 268 1577 dam
299 1520 373 1595 apta
409 1525 483 1571 esse
514 1515 663 1591 possunt,
697 1504 893 1590 lacunasque
926 1519 1026 1573 artem
1059 1508 1199 1574 criticam

194 1628 348 1704 sequutus
372 1612 565 1698 conjecturis
588 1608 673 1685 haud
687 1610 879 1695 spernendis
896 1631 935 1676 cx
950 1615 1096 1678 universa
1122 1625 1200 1679 tem-

196 1724 283 1810 poris
306 1720 429 1801 ratione
460 1715 659 1802 depromptis
687 1714 826 1801 explere.
873 1718 1097 1806 Quapropter
1128 1722 1201 1786 viris

196 1847 294 1896 omne
323 1823 462 1890 studium
491 1822 520 1891 in
552 1821 716 1886 scientiam
749 1819 929 1888 historicam
965 1825 1201 1891 conserentibus

195 1935 246 2001 hio
269 1933 415 2006 laborum
440 1949 581 1994 meorum
608 1926 726 1992 lruotus
746 1926 883 2001 fortasse
899 1930 1108 1997 usuiuuidam
1134 1934 1201 2010 erit,

197 2041 253 2105 illis
277 2057 354 2102 vero
377 2037 430 2123 qui
455 2033 675 2100 delectationis
693 2033 795 2099 solum
813 2036 913 2120 gratia
927 2058 1027 2123 opera
1051 2038 1200 2105 historica

195 2148 305 2233 legere
329 2143 447 2220 solent,
480 2161 629 2226 maguum
652 2140 728 2226 quin
754 2138 894 2205 taedium
920 2154 1062 2220 moveat,
1092 2146 1202 2210 lucere

197 2274 261 2319 non
295 2250 425 2337 poterit,
467 2247 541 2332 quia
575 2257 607 2310 et
641 2246 671 2309 in
704 2246 776 2331 ipsu
812 2261 999 2333 argumento
1034 2251 1201 2317 tractando

197 2378 321 2425 summa
344 2356 426 2420 inest
445 2351 612 2438 jejunitas,
643 2371 750 2437 neque
782 2352 812 2415 in
836 2352 965 2419 dicendi
994 2377 1114 2442 genere
1138 2358 1204 2423 ele-

197 2463 303 2551 gantia
325 2482 344 2528 a
367 2458 514 2526 facultate
536 2477 610 2521 mea
632 2455 735 2522 aliena
757 2478 822 2522 nec
845 2459 976 2525 consilio
998 2482 1071 2528 meu
1088 2484 1201 2529 neces,

197 2569 297 2643 saria,
335 2566 411 2644 sed,
444 2562 551 2651 quoad
588 2576 701 2648 potero
737 2564 948 2650 perspicuitas
989 2578 1022 2631 et
1054 2568 1201 2636 brevitas.

198 2676 278 2743 Cum
300 2686 407 2741 autem
428 2670 619 2739 statuissem.
644 2667 804 2747 derebus
828 2668 889 2735 sub
906 2672 1032 2737 Arnullo
1050 2675 1203 2741 Franciae

198 2780 360 2850 orientalis
380 2797 459 2865 rege
483 2774 582 2863 gestis
605 2773 781 2853 disserere,
812 2773 853 2840 ab
878 2777 948 2862 ejus
976 2779 1112 2844 maxime
1141 2784 1204 2845 ori-

198 2891 270 2976 gine
294 2886 390 2953 ordiri
413 2883 505 2962 volui,
529 2880 583 2970 qui
600 2880 740 2966 singulas
753 2902 898 2969 quasque
912 2884 1117 2969 quaestiones
1141 2887 1204 2953 hoc

197 2994 271 3060 loeo
294 2991 485 3079 propositas
510 3009 552 3054 eo
573 2985 661 3074 quod
685 2987 816 3054 consilia
844 2999 877 3054 et
900 2989 963 3055 fata
986 3011 1044 3056 sua
1067 2990 1109 3055 ad
1134 3013 1205 3058 om-

197 3118 256 3169 ues
280 3093 519 3184 quodammodo
543 3092 735 3174 referuntur,
766 3094 853 3159 velut
873 3095 1033 3163 uinculum
1061 3095 1142 3162 inter
1164 3119 1204 3166 se

199 3201 360 3273 connectit
382 3221 421 3267 uc
446 3198 619 3285 conjungit
