2796 4958
709 630 712 639 '
769 646 843 712 aar

303 819 471 887 dribonem
496 816 647 882 comitem
672 813 778 891 inisse,
804 818 954 883 Ysenrico
975 816 1039 884 filio
1061 818 1245 905 instigante,
1271 819 1311 884 iili

302 947 374 992 eam
399 923 441 990 ob
465 943 598 988 causum
622 919 813 1009 aliquamdiu
835 922 1026 990 marchionis
1046 944 1162 989 munus
1182 924 1311 998 ademit,

302 1030 388 1120 quod
411 1031 440 1094 ei
465 1049 538 1094 mox
562 1025 719 1092 redditum
744 1041 803 1093 est.
861 1030 932 1106 Qua
960 1029 1092 1094 ratione
1114 1027 1228 1096 ductus
1259 1029 1310 1096 itte

300 1134 348 1203 his
372 1134 469 1200 rebus
492 1153 529 1199 se
553 1132 727 1210 miscuerit,
751 1155 813 1200 non
837 1134 985 1213 traditor,
1019 1134 1094 1200 dcet
1116 1133 1158 1200 de
1182 1135 1310 1221 reipsa

302 1241 439 1308 dubitari
461 1239 571 1318 nolim,
595 1259 667 1305 cnm
696 1241 790 1305 etiam
814 1262 840 1306 a.
866 1241 931 1307 889
956 1239 1124 1307 Aribonem
1149 1259 1222 1306 cnm
1246 1242 1313 1307 Mo·

304 1349 388 1414 ravis
417 1344 552 1413 foedere
580 1345 783 1432 conjunctum
808 1358 841 1412 et
869 1347 966 1412 filium
996 1346 1032 1412 iis
1055 1345 1202 1414 obsidem
1233 1345 1328 1411 dan-¹

304 1466 367 1519 tem
400 1449 546 1518 videmus
568 1456 604 1528 ¹).
669 1453 816 1518 Fortasse
852 1452 1052 1521 dissensione
1088 1451 1138 1517 ilia
1173 1451 1313 1517 fraterna

303 1557 420 1625 bellum
443 1557 531 1622 ciere
554 1557 657 1633 voluit,
682 1557 768 1645 qnod
793 1557 854 1625 sibi
872 1558 1075 1626 occasionem
1099 1570 1311 1644 opportunam

302 1663 444 1752 praedae
468 1662 647 1750 capiendae
671 1663 849 1749 praeberet
894 1663 1073 1752 Palaokyns
1091 1668 1131 1741 ²),
1152 1663 1218 1729 suis
1242 1664 1311 1750 opi·

300 1768 447 1837 nionibns
475 1768 603 1833 nimium
634 1768 821 1834 concedens
845 1789 950 1858 neque
979 1769 1070 1836 udins
1100 1769 1194 1834 sontis
1224 1770 1312 1835 testi·
1384 1775 1387 1782 '

299 1876 407 1942 monio
450 1876 552 1951 nisus,
597 1872 797 1961 Viehingnm,
837 1875 961 1960 regium
1002 1874 1226 1941 cancellarium
1268 1875 1310 1940 ab

300 1979 428 2049 Amulio
452 1979 493 2045 ad
525 1980 607 2046 litem
637 1979 765 2045 fratrum
789 1979 982 2046 movendam
1004 1980 1212 2048 snbomatnm
1235 2001 1311 2046 esse

301 2086 496 2153 existimavit.
534 2086 756 2154 Constantinus
779 2086 910 2152 saeculo
932 2085 1060 2154 dimidio
1082 2098 1156 2174 post
1179 2085 1236 2152 has
1256 2107 1310 2152 res

299 2193 445 2260 scribens
469 2193 511 2278 ⁸),
542 2194 595 2280 qni
626 2214 689 2259 uno
721 2192 825 2259 solum
848 2214 932 2259 enno
955 2205 1030 2279 post
1051 2192 1151 2276 patris
1173 2204 1310 2258 mortem

299 2300 380 2365 filios
415 2297 590 2364 inimicitias
626 2312 750 2365 mutuas
785 2299 968 2364 exercuisse
996 2303 1110 2374 refert,
1143 2298 1310 2364 annalibus

299 2403 508 2471 Fnidensibns
530 2404 580 2470 hic
604 2415 693 2470 certe
716 2403 958 2490 posthabendos
981 2416 1039 2470 est.
1073 2403 1196 2469 Deinde
1212 2405 1310 2470 Erim-

299 2510 409 2576 hertus
428 2513 465 2586 4)’
482 2529 602 2586 comes
626 2510 679 2598 qni
703 2509 865 2596 quondam
889 2508 931 2575 ob
955 2507 1094 2574 studium
1116 2530 1207 2575 sunm
1232 2531 1309 2597 erga

299 2615 494 2681 Lndovicnm
519 2618 552 2680 ΙΙΙ
577 2614 618 2680 ab
643 2614 770 2682 Arnnlso
794 2615 959 2701 expulsus,
994 2612 1035 2680 ab
1066 2613 1117 2681 itto
1147 2616 1309 2682 restitutus

299 2732 376 2798 erat
397 2731 512 2807 postea
531 2719 675 2798 „rebellis
691 2722 759 2809 regi
772 2722 916 2810 suisqnc'’
931 2720 1070 2786 existens
1082 2741 1101 2786 a
1113 2721 1308 2789 Priznoiawo

301 2827 384 2895 duce
413 2827 539 2893 Stevieo
568 2826 597 2911 (i.
629 2847 656 2892 e.
687 2827 822 2893 fortasse
846 2826 1030 2912 Bohemieo)
1053 2826 1308 2913 comprehensus
1357 2912 1360 2916 λ

299 2945 395 3022 atque
419 2953 440 2998 a
460 2932 629 2998 Lintboldo
653 2933 774 3001 catenis
797 2933 928 3021 injectis,
953 2932 1149 2999 Rantesinrtii
1173 2931 1226 3017 (ad
1248 2937 1309 2997 Ao-

298 3061 373 3104 num
404 3059 450 3124 pr.
484 3039 640 3121 Brannau)
673 3049 819 3125 tempore
854 3039 965 3104 natalis
988 3039 1112 3104 Domini
1146 3036 1209 3104 diei
1240 3041 1307 3126 regi

298 3143 430 3210 traditus
455 3155 512 3208 est.
566 3149 597 3208 tn
626 3145 774 3208 comitatu
800 3144 828 3207 in
853 3165 937 3230 pago
961 3144 1169 3230 lsanahgowe
1192 3145 1254 3211 sito
1277 3146 1308 3210 ei

299 3248 498 3337 Gumpoldns
530 3251 702 3325 suecessit,
738 3249 827 3334 enjus
860 3251 961 3336 prima
991 3249 1109 3315 mentio
1138 3250 1169 3314 in
1197 3248 1307 3316 charta

299 3356 350 3423 die
374 3357 395 3420 2
417 3355 486 3422 Julii
511 3376 540 3423 a,
562 3355 627 3422 899
648 3355 720 3421 data
744 3355 878 3420 babetur
901 3361 946 3433 ⁵);
977 3355 1104 3442 qualem
1129 3354 1225 3420 finem
1256 3355 1308 3421 ilie

299 3463 367 3549 ipse
391 3460 553 3537 hebuerit,
584 3461 632 3528 rei
656 3460 785 3551 quando
810 3460 964 3529 deiecerit
986 3461 1159 3529 obscurum
1183 3473 1241 3526 est.

293 3587 295 3592 ’
387 3571 475 3632 Anno
500 3565 567 3632 899
591 3568 763 3653 imperator
787 3567 993 3645 Ratisbonae‚
1017 3567 1071 3632 ubi
1094 3565 1137 3634 ob
1160 3569 1308 3653 eorporis

297 3673 550 3760 aegrotationem
579 3669 695 3736 diutins
725 3684 866 3739 moratus
896 3685 946 3738 est
964 3673 1007 3756 ⁶),
1037 3673 1219 3740 contionem
1251 3695 1309 3760 po·

298 3790 498 3802 ——..-.--—

369 3837 394 3896 1)
434 3837 499 3884 Ann.
511 3832 581 3881 Fuld.
598 3834 648 3882 est
669 3827 703 3896 (p.
715 3828 753 3896 V.)
827 3827 854 3898 t)
890 3808 1306 3906 Geseh.v.Boehmen1,1tt,

370 3923 395 3981 3)
433 3922 517 3971 ott.
613 3915 638 3982 t)
675 3918 951 3972 nnn.Fnid.a.898.

368 4010 394 4069 t)
431 4010 546 4058 Menum.
564 4008 633 4057 Boio.
653 4007 741 4069 xxxi,
766 4010 789 4070 1,
811 4011 869 4058 158.

369 4098 395 4152 6)
431 4096 544 4145 Chartae
562 4095 596 4144 ibi
611 4096 686 4144 datae
708 4098 771 4144 sunt
790 4095 884 4146 diebus
902 4101 916 4146 5
933 4099 959 4146 et
977 4099 991 4146 8
1006 4096 1081 4146 Febr.
1099 4108 1168 4146 men.
1186 4093 1308 4157 (Boehm.

294 4164 534 4299 dddddnsspwdsd‘
559 4167 600 4215 die
623 4170 645 4226 1.
664 4162 723 4228 Meji
748 4180 782 4216 m.
807 4180 841 4229 ep
865 4167 988 4218 Schultas
1013 4169 1104 4217 histor.
1128 4167 1258 4218 Schriften
1276 4168 1306 4220 11.
