2796 4958
567 671 642 736 185

91 861 178 916 „suo
202 842 347 927 ingressu
372 838 556 906 ulciscendo
581 864 686 929 papae
715 845 873 930 injuriam,
906 843 1018 908 multos
1044 845 1103 912 Ro-

89 968 257 1013 manorum
289 946 449 1032 principes
481 945 609 1013 obviam
641 947 700 1014 sibi
744 959 954 1036 properantes
992 951 1099 1018 deeci-

87 1052 170 1117 lari''
198 1051 348 1138 jussisse,
379 1053 535 1119 annalium
561 1052 760 1120 luidensium
789 1055 911 1121 silentio
942 1055 1017 1120 satis
1049 1077 1099 1122 re-

86 1159 291 1245 darguuntur.
335 1157 477 1224 Amulius
503 1159 595 1244 igitur
624 1160 789 1248 hucusque
820 1159 992 1226 bonoribus
1013 1181 1098 1226 sem-

86 1284 148 1349 per
177 1273 289 1329 auctus
318 1283 423 1352 neque
455 1263 515 1329 ulla
549 1263 731 1332 difficultate
763 1264 950 1351 impeditus,
976 1265 1097 1352 gloriae

86 1370 246 1435 cumulum
272 1389 425 1436 coronam
450 1371 554 1457 magni
580 1371 682 1438 Caroli
707 1370 844 1458 adeptus
869 1382 944 1450 erat,
969 1371 1029 1438 sed
1054 1372 1095 1440 ab

84 1472 150 1541 boc
174 1474 226 1541 dio
249 1475 331 1541 sicut
353 1474 442 1540 sidus
466 1477 617 1542 verticem
643 1497 755 1543 cursus
786 1478 833 1542 sui
862 1487 1094 1564 transgressum

85 1581 190 1668 magis
214 1581 378 1671 magisque
403 1582 569 1670 usquead
594 1583 750 1672 interitum
775 1582 938 1661 delabitur,
968 1581 1093 1651 lunesto

25 1734 28 1738 ι
84 1687 151 1754 lato
180 1707 370 1774 oppressus,
401 1686 486 1753 omni
515 1708 575 1776 spe
604 1688 700 1756 falsus
730 1701 778 1756 est
807 1701 839 1755 et
871 1690 961 1756 nimis
996 1691 1091 1757 celeri

84 1793 179 1858 morti
205 1791 371 1871 occubuit,
409 1794 531 1880 imperii
568 1794 689 1860 ruinam
716 1795 847 1883 jamjam
878 1795 1092 1863 imminentem

84 1897 171 1968 haud
201 1899 335 1987 amplius
367 1899 589 1986 prohibiturus.
642 1902 774 1968 Summo
803 1916 909 1968 tamen
940 1914 1091 1970 aeternae

83 2007 173 2076 urbis
197 2008 389 2096 expugnatio
414 2008 526 2075 decori
550 2009 578 2074 ei
603 2010 684 2077 inter
699 2009 850 2099 aequales
873 2031 946 2076 esse
972 2009 1090 2090 debuit,

35 2146 41 2159 ·
83 2115 138 2204 qui
161 2115 280 2195 Alarici,
305 2115 477 2192 Genserici,
500 2114 619 2182 Totilae
642 2117 856 2193 immemores,
882 2117 983 2204 primo
1009 2138 1088 2193 earn,

85 2213 255 2311 postquam
270 2244 288 2288 a
306 2224 428 2288 Brenno
449 2241 562 2288 eversa
585 2221 632 2301 sit,
656 2235 730 2289 tunc
752 2243 770 2287 a
794 2223 987 2289 Francorum
1011 2244 1089 2310 rege

82 2318 210 2414 captam
231 2349 305 2394 esso
327 2329 444 2414 opinati
469 2340 541 2394 sunt
564 2326 596 2413 ¹).
648 2329 747 2394 Roma
771 2328 862 2415 igitur
885 2327 914 2394 in
939 2328 1089 2394 ditionem

82 2454 175 2499 suum
197 2433 346 2512 redacta,
376 2436 549 2522 imperator
578 2457 690 2501 mense
713 2435 794 2522 llajo
824 2435 952 2499 ineunte
976 2432 1089 2521 Spole-

84 2550 150 2605 tum
172 2539 285 2608 versus
309 2561 457 2628 pergens,
482 2551 515 2605 ut
531 2539 732 2628 rigaltrudam
758 2540 926 2608 obsidione
949 2541 978 2606 in
1004 2539 1089 2607 ordi·

82 2665 156 2712 nem
176 2659 317 2737 cogeret,
335 2651 362 2730 ²)
386 2646 525 2737 paralysi
549 2659 635 2713 tanto
660 2649 771 2735 capitis
787 2648 899 2714 doloro
923 2646 1027 2713 subito
1040 2647 1088 2713 ai-

81 2752 184 2819 iectus
215 2763 282 2828 est,
314 2766 345 2819 ut
368 2751 407 2817 illi
436 2751 553 2819 eodem
577 2775 688 2819 mense
712 2774 772 2840 per
793 2752 905 2819 vallem
930 2753 1087 2818 Tridenti-

83 2879 157 2924 nam
188 2859 317 2924 Bavaria
351 2859 530 2945 repetenda
566 2869 653 2926 esset
682 2878 743 2926 nec
769 2859 907 2945 priorem
942 2857 1086 2942 corporis

81 2956 247 3030 sanitatem
272 2986 409 3052 unquam
432 2985 626 3053 recuperare
651 2977 769 3052 posset.
812 2965 887 3049 Tam
912 2962 1010 3028 mirae
1032 2983 1087 3028 au·

79 3059 145 3159 tem
169 3071 231 3137 bae
253 3072 438 3158 repentinae
463 3070 605 3137 fortunae
629 3070 858 3137 vicissitudines
882 3069 962 3134 ltalis
982 3069 1009 3155 ⁸)
1028 3068 1085 3141 xvi·

79 3198 138 3244 sae
161 3187 241 3262 sunt,
264 3189 296 3241 ut
319 3176 431 3241 veneni
456 3188 532 3261 potu
557 3174 698 3242 Widonis
721 3176 847 3241 viduam
872 3176 997 3242 inimico
1015 3173 1084 3240 'boe

80 3282 197 3352 malum
222 3279 369 3349 inflixisse
392 3279 555 3369 fingerent
581 3315 623 3329 -—

79 3460 281 3481 μ-ο--ο--ι
344 3459 346 3465 ·

134 3567 178 3628 ’1)
214 3567 274 3632 lteg.
291 3570 344 3617 896
367 3567 465 3629 „Quod
485 3571 555 3617 retro
575 3570 636 3617 ante
655 3567 752 3617 seculis
771 3564 830 3615 ideo
851 3565 1005 3631 ineruditum,
1024 3566 1084 3630 quia

78 3667 136 3705 non
153 3653 251 3705 lautum
269 3655 323 3718 luit,
343 3659 455 3719 excepto
476 3655 548 3719 quod
566 3655 627 3705 Galli
645 3657 765 3706 senones
783 3655 997 3705 eumBrennone
1015 3654 1084 3704 duco

79 3737 163 3797 multo
182 3745 423 3796 antemuranum
442 3745 535 3795 Christi
554 3746 674 3806 tempore
694 3744 776 3794 semel
794 3741 944 3794 ieceruntt‘.
965 3764 997 3776 -·

152 3826 178 3896 2)
217 3833 283 3883 Anu.
300 3834 390 3896 autu,
410 3837 472 3896 896,
490 3834 550 3896 Reg.
569 3835 628 3883 896.

154 3913 180 3984 a)
217 3920 290 3974 Liud.
308 3921 327 3987 1,
349 3926 391 3972 ³2.
436 3988 438 3995 Ι
