2796 4958
775 623 851 688 128

311 801 396 888 piam
420 808 452 863 et
474 815 664 884 generosam
688 795 854 862 meliorem
877 794 1132 862 meruitsortcm
1156 794 1197 882 ¹).'
1246 796 1320 874 Quo

312 895 348 973 iu
366 904 493 972 abbatia
518 904 560 968 St.
586 902 727 991 Dionysii
755 901 893 982 humato,
924 923 1037 968 omncs
1061 904 1170 970 Franci
1195 903 1320 974 Carolo.

311 1033 409 1102 quem
440 1009 491 1073 ille
522 1008 591 1094 ipse
623 1008 763 1075 moriens
786 1028 1011 1075 successorem
1036 1009 1321 1077 commendaverat

311 1116 493 1202 homagium
517 1112 739 1190 reddiderunt;
763 1113 846 1180 inter
864 1135 945 1202 quos
961 1116 1055 1182 etiam
1074 1115 1232 1184 bobertus
1255 1115 1322 1181 lra-

312 1239 362 1292 tcr
376 1221 507 1296 odonis,
531 1218 705 1287 Richardus
730 1219 801 1296 dur,
825 1219 997 1286 Guilelmus
1018 1240 1130 1288 comes
1145 1222 1319 1290 Pictavicn-

312 1333 356 1398 sis
379 1330 513 1395 luerunt.
560 1327 627 1393 Fuit
650 1338 755 1393 autem
779 1325 829 1392 bic
853 1346 918 1405 rex,
943 1327 992 1393 cui
1017 1328 1174 1416 Simplicis
1198 1347 1320 1416 cogno·

313 1458 386 1504 men
411 1432 619 1508 inditumest,
650 1452 712 1498 avo
735 1453 795 1498 suo
820 1432 965 1516 ejusdem
988 1434 1123 1501 nominis
1139 1433 1320 1519 *ambitione

311 1564 385 1632 par,
420 1537 517 1606 animi
544 1537 706 1604 debilitate
740 1531 888 1626 superior
925 1548 958 1604 et
986 1539 1137 1627 quamdiu
1168 1535 1319 1628 regnavit,

312 1645 516 1738 optimatibus
538 1642 681 1710 ludibrio.
729 1643 837 1723 Qualis
867 1643 997 1712 infelicis
1022 1646 1147 1714 Galliae
1170 1645 1319 1714 condicio

313 1756 373 1824 sub
397 1775 437 1821 eo
460 1749 559 1828 luerit,
581 1748 733 1816 Rioberus
753 1751 780 1835 ²)
804 1749 852 1816 bis
875 1750 982 1818 verbis
1007 1752 1138 1820 indicat:
1168 1751 1241 1833 „Ob
1264 1772 1319 1819 cu·

307 1864 361 1950 jus
392 1857 551 1924 infantiam
586 1875 660 1921 cum
697 1876 868 1944 regnorum
897 1858 1061 1946 principes
1090 1858 1184 1926 nimiu
1210 1879 1318 1926 rerum

312 1965 462 2054 cupidine
485 1983 561 2028 sese
585 1962 710 2048 praeire
732 1963 978 2038 contenderent,
1010 1966 1146 2054 quisque
1169 1976 1204 2032 ut
1226 1976 1317 2052 pote-

311 2087 367 2150 rat,
391 2091 459 2137 rem
483 2067 642 2135 dilatabat
686 2057 788 2135 Nemo
812 2069 898 2156 regis
922 2084 1117 2158 provectum,
1147 2093 1243 2139 nemo
1268 2093 1318 2138 re-

310 2179 364 2268 gni
387 2176 516 2244 tutelam
540 2173 727 2262 quaerebat.
757 2176 865 2242 Aliena
883 2175 1052 2264 adquirere
1070 2200 1228 2245 summum
1252 2179 1319 2245 cui-

310 2296 374 2374 que
404 2294 487 2360 crat;
524 2301 585 2348 uec
616 2302 683 2347 rem
713 2303 803 2348 suam
834 2282 1012 2368 provehere
1049 2283 1228 2363 videbatur,
1264 2285 1318 2373 qui

311 2390 402 2458 alieni
433 2387 550 2477 aliquid
581 2408 645 2453 nou
677 2387 826 2455 addebat
885 2386 975 2456 Unde
1003 2401 1036 2456 et
1063 2391 1202 2456 omnium
1240 2411 1319 2458 con·

311 2495 437 2572 cordia,
475 2494 504 2560 in
541 2514 697 2561 summam
735 2493 928 2561 discordiam
963 2495 1090 2583 relapsa
1127 2508 1183 2562 est
1236 2497 1317 2563 llinc

312 2601 523 2688 direptiones,
559 2600 632 2667 binc
670 2600 831 2681 incendia,
864 2600 937 2668 hinc
972 2623 1077 2668 rerum
1109 2603 1317 2689 pervasiones

311 2708 486 2775 exarsere.’'
505 2744 548 2795 -5

399 2813 542 2880 Amulius
577 2814 698 2879 interea
734 2833 845 2879 mense
875 2813 965 2879 lunio
1000 2813 1126 2880 circiter
1152 2814 1225 2880 anni
1249 2813 1316 2882 895
1334 2836 1341 2884 ·,

311 2920 548 3008 llorbetomago
572 2921 601 2984 in
625 2929 747 2987 curtem
771 2919 892 3006 regiam
916 2919 988 2986 Salz
1018 2919 1196 3006 prolectas,
1226 2919 1317 2988 Obo-

310 3027 463 3093 dritorum
485 3025 597 3113 legatis
620 3027 667 3092 sui
692 3025 903 3093 conveniendi
922 3036 1082 3113 potestate
1106 3026 1188 3104 data,
1212 3026 1317 3112 preci·

310 3132 371 3198 bus
400 3151 512 3198 eorum
543 3153 695 3199 assensus
726 3146 775 3198 est
795 3134 829 3218 ³).
875 3134 946 3210 Quo
979 3131 1063 3198 lacto
1093 3152 1204 3200 mense
1234 3132 1315 3199 lulio

309 3237 417 3305 medio
448 3238 650 3306 Ratisbonam
683 3237 777 3304 totius
809 3238 915 3325 populi
953 3239 1091 3304 comitia
1116 3238 1315 3316 convocavit,

308 3344 415 3434 ibique
439 3344 540 3412 duces
565 3345 785 3420 Bohcmorum
810 3343 932 3430 jamdiu
955 3366 975 3411 a
997 3347 1190 3411 Francorum
1213 3345 1315 3432 impe-

308 3452 372 3527 rio,
401 3452 451 3516 cui
483 3472 523 3517 er
546 3451 650 3519 Caroli
673 3452 775 3537 llagni
805 3450 1002 3537 temporibus
1031 3451 1181 3536 opinione
1212 3453 1315 3537 magis

307 3557 468 3623 bominum
492 3578 588 3645 quam
612 3569 701 3624 certa
731 3555 893 3622 deditione
916 3556 1182 3623 annumerabatur
1202 3562 1238 3636 ⁴),
1262 3577 1315 3623 se·

307 3663 415 3749 parati,
445 3661 563 3728 drnulli
587 3663 758 3730 dominatui
779 3683 858 3748 „per
880 3683 1000 3742 manus,
1030 3672 1124 3749 prout
1153 3684 1223 3729 mos
1248 3664 1314 3729 cst''

306 3805 505 3816 ——-—-

379 3881 403 3950 ll
442 3882 854 3950 Reg.,898,.tnn.ved.,89⁸.
953 3879 979 3952 2)
1015 3886 1078 3948 1,t.

376 3976 405 4035 3)
442 3973 608 4037 Ann.Fuld.‚
632 3976 690 4022 895.

378 4056 403 4122 t)
442 4060 539 4110 Divisio
559 4062 659 4122 imperii
678 4073 701 4111 a.
722 4064 772 4112 817
793 4060 862 4111 lecta
881 4060 970 4124 (Perta
990 4063 1066 4127 begg.
1085 4063 1109 4123 l,
1138 4060 1204 4125 198)
1226 4062 1312 4126 „lllu-

304 4148 425 4198 dowtcus
453 4147 574 4198 uolumus
601 4150 630 4197 ut
652 4147 749 4200 habeat
768 4149 927 4212 Bajourium,
952 4155 979 4200 et
1002 4151 1181 4211 carentanos,
1211 4153 1238 4201 et
1262 4151 1312 4201 Be·

187 4301 189 4304 y
301 4232 434 4286 belmas.“
