2796 4958
205 799 293 887 poris
317 794 452 863 doctore
474 793 745 863 nominatissimo'’
775 796 805 862 in
827 793 938 861 litteris
961 795 1121 886 eruditus,
1158 797 1219 868 Lu.-

207 905 310 974 dovici
338 902 423 990 regis
446 901 549 968 lactus
572 911 622 968 est
644 901 828 989 capellanus
852 901 891 987 ¹),
920 922 1027 992 aquo
1051 914 1218 972 monaste-

205 1012 258 1079 riis
281 1009 477 1099 Elwangensi
507 1020 573 1075 tum
596 1005 818 1076 florentissimo
839 1010 866 1095 ²)
896 1018 930 1076 et
951 1007 1216 1101 Cambodnnensi

205 1118 384 1207 (Kompten)
406 1112 659 1204 praeficiebatur.
693 1117 811 1184 Postea
834 1117 1020 1184 innumero
1037 1113 1216 1183 monacbo·

205 1246 274 1292 rum
298 1223 344 1288 Sti
367 1220 444 1288 Galli
468 1220 594 1289 babitus
617 1222 648 1287 in
670 1220 787 1308 palatio
810 1221 909 1310 regio·
924 1223 1043 1291 versari
1066 1232 1132 1290 non
1158 1221 1216 1288 da·

205 1332 255 1399 siit
284 1338 380 1416 atque
395 1398 396 1402 ,
410 1348 437 1394 a.
460 1325 528 1395 890
554 1326 728 1395 Salomone
751 1330 774 1395 ll
798 1327 954 1417 episcopo
977 1328 1213 1413 Constantiemi

107 1486 111 1493 .
204 1438 228 1501 ll
259 1435 312 1501 die
334 1433 430 1521 April.
460 1455 500 1500 m
531 1452 550 1498 e
580 1433 643 1500 vita
665 1432 850 1501 decedente
867 1439 915 1514 ⁸),
945 1453 1120 1502 successor
1143 1434 1213 1522 ejus

205 1541 326 1610 electus
356 1552 413 1608 est
473 1537 681 1607 Elkebardus
702 1542 740 1606 1v
769 1541 898 1630 quidem
929 1540 1066 1628 scriptor
1090 1540 1213 1631 saeculi

203 1648 241 1714 XI
263 1667 347 1714 anno
378 1657 411 1713 et
439 1644 569 1713 dimidio
592 1656 668 1733 post
690 1644 815 1713 abbatis
838 1646 1053 1734 Sangallensis
1076 1646 1213 1734 dignita·

203 1765 270 1820 tem
293 1752 356 1820 boc
379 1774 492 1819 munus
516 1757 546 1819 ei
569 1750 711 1820 oblatum
733 1771 809 1819 esse
831 1752 928 1821 refert
946 1757 986 1832 ⁴),
1008 1751 1070 1820 sed
1094 1773 1212 1841 repug-¹

204 1868 279 1927 nant
302 1859 330 1926 ei
354 1859 483 1946 Regino,
506 1857 637 1925 annales
661 1859 844 1937 Fuldenses,
865 1858 998 1927 annales
1016 1857 1211 1927 Alamannici

203 1964 264 2033 snb
284 1985 368 2033 anno
384 1962 453 2032 890
466 1963 682 2031 Salomonisll
705 1976 840 2032 mortem
864 1977 897 2032 et
919 1965 990 2052 ejus
1013 1967 1211 2034 creationem

202 2072 366 2140 tradentes
384 2072 420 2158 ⁸).
472 2067 558 2137 ldem
582 2070 790 2140 lllkebardus
812 2073 944 2139 summis
972 2091 1047 2155 eum
1071 2070 1210 2140 efferens

201 2178 362 2259 laudibus,
391 2199 464 2246 raro
495 2176 650 2265 deinceps
678 2178 839 2245 bominem
869 2179 1027 2247 exstitisse
1049 2178 1167 2247 asserit
1184 2177 1210 2261 ⁸]

201 2288 256 2369 „in
291 2307 388 2375 quem
415 2282 545 2371 largitor
574 2283 715 2351 omnium
744 2281 901 2352 bonorum
931 2294 1053 2352 tantum
1074 2304 1210 2353 snorum

203 2401 395 2479 congereret
413 2388 601 2467 bonorum,”
624 2409 732 2477 neque
754 2390 911 2458 immerito
936 2402 1057 2471 „metro
1073 2390 1211 2477 primus”

201 2498 299 2565 luisse
326 2495 368 2562 ab
398 2515 439 2562 eo
466 2503 625 2574 narratur,
661 2495 780 2583 quippe
810 2496 901 2583 cujus
924 2503 1075 2583 poemata
1095 2497 1212 2566 etiam·

170 2650 174 2656 .
200 2623 286 2671 nunc
301 2587 480 2689 legentibus
504 2600 750 2668 delectationem
773 2600 893 2669 babere
915 2603 1040 2691 possint
1058 2607 1094 2687 ¹).
1129 2601 1210 2669 Cum

201 2720 308 2778 autem
333 2708 385 2776 bic
409 2718 512 2774 tantus
540 2707 587 2774 vir
608 2708 777 2775 amicitiam
802 2727 930 2796 regum,
960 2709 1083 2798 magnis
1106 2708 1149 2775 ab
1172 2709 1210 2775 iis

157 2859 159 2862 ⁴
200 2817 331 2904 suisque
355 2813 501 2882 ecclesiis
525 2825 557 2882 et
580 2814 745 2882 coenobiis
777 2813 999 2884 donationibus
1022 2815 1210 2903 impetratis,

201 2923 243 2990 ad
265 2923 388 2988 lucrum
410 2930 593 2999 revocaret,
625 2919 693 2986 fieri
717 2941 782 2987 non
805 2922 920 3008 potuit,
945 2922 1020 3010 quin
1042 2921 1075 2986 in
1098 2921 1209 2991 odium

201 3041 233 3094 et
263 3026 411 3094 invidiam
441 3025 610 3091 multorum
632 3025 783 3092 nobilium
805 3024 1081 3096 Alamannicorum
1104 3027 1209 3094 incur-

200 3144 301 3210 reret,
336 3141 368 3198 et
397 3130 571 3218 praecipue
598 3129 790 3220 Ercbangeri
821 3143 854 3199 et
876 3132 1035 3217 Bertboldi
1067 3131 1208 3211 fratrum,

199 3418 254 3467 acie
282 3428 337 3465 non
363 3428 511 3469 remearem
520 3419 530 3437 '¹
559 3429 601 3480 ap.
625 3418 741 3480 Neugart
767 3417 784 3479 l,
817 3420 878 3468 titt.
910 3419 944 3469 cl.
969 3420 1056 3490 stelin
1078 3419 1208 3471 wirtemb.

198 3503 291 3552 Gesch.
311 3503 329 3564 l,
349 3507 408 3554 ³65.

269 3592 294 3651 l)
331 3591 364 3640 id.
383 3605 409 3654 p.
431 3596 473 3644 78.

267 3677 295 3741 a)
331 3679 460 3744 anonym.
477 3680 635 3732 liaserensis
655 3693 679 3732 c.
700 3684 723 3730 8.
744 3674 828 3747 (Pertz
847 3683 891 3732 ss.
908 3682 962 3746 vll,
984 3679 1054 3748 aaa).

211 3788 214 3795 Δ
268 3766 293 3827 ³)
327 3767 463 3832 Necrolog.
481 3769 613 3834 bagiense
631 3769 647 3818 l.
664 3768 680 3818 l.
698 3768 779 3819 babet
798 3768 870 3820 bunc
889 3770 968 3820 diem.

267 3855 290 3914 t)
327 3855 473 3908 Elkebard.
490 3869 517 3919 p.
537 3860 580 3910 83.

266 3939 294 4003 a)
330 3942 391 4007 Reg.
412 3947 473 4008 890,
493 3939 562 3994 Anu.
581 3942 652 3992 Fuld.
672 3946 733 4008 89⁰,
753 3944 817 3993 bnn.
835 3944 917 3994 Alam.
937 3949 995 3996 890.

265 4023 291 4091 e)
328 4041 354 4092 p.
376 4033 507 4080 sr-oa.
530 4055 558 4066 -

262 4117 287 4177 7)
324 4114 406 4180 lypis
427 4130 572 4180 expressae
598 4120 660 4168 sunt
679 4131 721 4180 ap.
741 4118 837 4169 Canisii
863 4122 986 4184 antiquae
1011 4121 1140 4174 lectiones
1163 4125 1205 4175 ed.

189 4185 316 4270 basnage,
336 4199 365 4277 ll,
388 4210 410 4254 s.
