2796 4958
690 645 747 707 37

209 810 283 877 dem
316 809 563 892 admonuerunt,
603 825 635 880 ut
665 813 817 900 imprimis
846 810 889 876 St.
921 812 1028 877 matris
1059 812 1217 883 ecclesiae

205 918 297 1001 „paci
321 930 418 1005 atque
443 919 651 1006 tranquillitati
681 940 740 1006 per
763 919 942 983 uuiversum
967 917 1117 982 mundum
1142 938 1215 1003 pros

206 1021 304 1089 desse
329 1023 450 1090 laceret
473 1046 564 1091 suum
588 1025 826 1112 principatum.“
868 1023 985 1109 „Magis
1010 1023 1103 1100 enim,
1128 1022 1215 1087 dixe-

204 1139 284 1202 runt,
308 1128 509 1195 christianum
529 1131 647 1218 regitur
669 1150 708 1195 ac
725 1141 921 1217 propagatur
937 1129 1111 1215 imperium,
1136 1127 1211 1194 dum

205 1234 363 1300 ecclesiae
392 1238 483 1302 statui
515 1257 574 1323 per
604 1257 733 1304 omnem
766 1247 881 1302 terram
912 1234 1084 1302 consulitur
1115 1255 1209 1323 quam

204 1359 275 1404 cum
301 1340 329 1404 iu
354 1352 444 1429 parte
474 1362 678 1430 quacumque
701 1353 855 1407 terrarum
885 1360 944 1426 pro
967 1341 1135 1426 temporali
1158 1362 1211 1407 se·

202 1446 334 1511 curitate
357 1455 547 1532 pugnatur.⁴‘
594 1446 661 1511 Sed
686 1468 729 1540 ne
750 1467 769 1511 a
795 1446 915 1532 privata
940 1444 1068 1531 quidam
1093 1447 1209 1512 Arnulfi

201 1552 272 1627 rita,
296 1552 348 1638 qui
372 1551 555 1637 complures
579 1551 776 1618 concubinas
799 1552 830 1616 in
851 1573 909 1617 usu
930 1549 1052 1618 babere
1074 1551 1208 1630 solebat,

201 1654 392 1743 corrigenda
421 1656 617 1723 abstinentes
647 1656 689 1723 ab
717 1678 758 1723 eo
790 1667 981 1744 rogaverunt
1010 1668 1067 1733 „ut
1090 1669 1207 1723 semet-

201 1761 304 1846 ipsum
327 1782 483 1850 suamque
507 1763 637 1829 domum
658 1799 700 1811 -
722 1762 763 1829 ab
785 1760 938 1850 operibus
962 1782 1099 1848 nequam
1120 1783 1209 1854 emas

200 1866 328 1946 cularet,
348 1867 507 1955 bonisque
521 1867 673 1955 operibus
693 1867 870 1934 exuberare
891 1868 1038 1946 laceret,·‘
1061 1868 1109 1934 his
1127 1891 1210 1956 quo·.

198 1995 261 2060 que
285 1973 516 2040 deuteronomii
539 1973 644 2040 verbis
668 1973 710 2041 ad
734 1995 806 2040 eum
830 1973 935 2040 relatis
958 1975 1046 2051 „Non
1076 1973 1205 2041 habebit

199 2099 313 2146 uxores
348 2079 515 2165 plurimas,
550 2101 635 2168 quae
665 2081 800 2148 alliciant
829 2081 967 2146 animam
997 2080 1065 2166 ejus
1098 2101 1227 2167 neque¹

198 2186 264 2250 auri
289 2195 321 2249 et
342 2185 463 2271 argenti
487 2185 643 2252 immensa
666 2187 844 2275 ponderaf‘
897 2184 1064 2251 Caeterum
1090 2185 1204 2251 multos

199 2292 334 2356 clericos
359 2312 489 2376 magnas
512 2291 542 2356 in
562 2291 689 2358 Amulio
712 2293 922 2361 collocavisse
945 2312 1021 2377 spes
1046 2312 1085 2356 ex
1108 2304 1205 2378 poeta

197 2397 325 2463 Saxone
349 2398 373 2481 ¹)
397 2397 638 2484 cognoscimus,
662 2399 715 2487 qui
740 2421 840 2487 reguo
864 2399 933 2485 ejus
957 2398 1084 2468 ineunte
1108 2419 1203 2463 resa

197 2504 310 2570 Carolo
334 2505 448 2591 llagno
472 2513 565 2590 gesta
589 2524 724 2581 canens,
749 2506 793 2571 St.
816 2504 991 2582 ernulfum,
1016 2503 1204 2570 Carolorum

196 2623 319 2676 atavum
343 2610 391 2675 bis
415 2609 520 2676 verbis
543 2610 609 2676 adit
638 2613 742 2690 „Prae
773 2611 894 2678 cunetis
924 2611 1016 2697 igitur
1046 2609 1099 2676 tibi
1124 2630 1203 2675 cura

195 2716 364 2804 nepotibus
395 2737 471 2793 una,
504 2717 722 2794 Quaesumus
756 2718 899 2804 Arnullus
923 2718 963 2782 sit
985 2728 1056 2780 tuus
1080 2715 1202 2781 omoni-

195 2845 272 2888 mus.
330 2826 393 2887 Fac
424 2832 457 2886 ut
485 2823 629 2906 regnanti
659 2822 799 2888 Christus
831 2825 871 2907 sit
889 2820 1048 2908 ,praevius
1080 2830 1203 2912 auctor,

195 2929 266 3005 Ouo
290 2928 381 2992 nimis
405 2925 503 3011 ipsius
526 2925 646 3012 indiget
669 2927 836 2994 aecclesia.
883 2928 944 3004 Qui
971 2923 1068 2991 modo
1088 2921 1202 3011 justili-v

192 3054 250 3099 cus
272 3053 329 3098 rex
352 3044 409 3107 est,
433 3030 584 3098 delensor
607 3042 639 3098 et
661 3053 750 3116 unus,
774 3037 858 3099 lntar
877 3043 923 3099 tot
942 3030 1061 3110 clades,
1085 3029 1199 3118 quibus

193 3160 276 3205 nunc
300 3138 468 3205 atteritur.“
492 3173 534 3190 -
1195 3198 1198 3204 .

283 3247 365 3310 Dum
395 3264 452 3309 rex
482 3244 571 3310 lestis
595 3246 737 3332 paschae
760 3245 874 3313 diebus
897 3244 1089 3313 Ratisbonae
1113 3241 1200 3308 cele-

194 3348 300 3427 bratis,
324 3371 425 3437 usque
449 3351 479 3416 in
497 3351 609 3437 llajum
635 3372 778 3418 mensem
802 3353 832 3416 in
857 3350 1039 3438 regionibus
1063 3349 1200 3414 orienta-

193 3455 273 3519 libus
297 3468 438 3521 moratur
454 3456 496 3540 ²),
528 3457 632 3543 magni
662 3478 721 3543 per
750 3459 1067 3523 tutum.Fr·ancorum
1100 3452 1199 3537 impe·

192 3561 271 3625 rium
295 3560 419 3625 luerunt
442 3571 555 3639 motus
579 3561 693 3649 quibus
717 3562 864 3629 condicio
889 3561 959 3647 ejus
980 3579 1112 3645 prorsus
1132 3580 1199 3624 mu·
1261 3546 1270 3560 ⁶

191 3679 256 3733 tata
277 3679 335 3733 est
371 3665 473 3732 Caroli
497 3668 695 3733 exactionem
714 3680 821 3734 autem
844 3687 908 3733 non
933 3686 1064 3732 causam
1089 3685 1200 3731 eorum

191 3772 305 3847 luisse,
335 3770 395 3839 sed
425 3770 524 3838 modo
548 3774 671 3860 signum
697 3775 787 3861 quasi
811 3772 942 3839 dedisse
967 3772 1063 3838 adid
1087 3781 1198 3856 aperte

190 3876 439 3964 exsequendum,
465 3877 550 3965 quod
577 3878 662 3944 multi
687 3880 838 3947 mortales
858 3878 1047 3965 jamdudum
1070 3886 1198 3942 secreto

152 4008 158 4017 ¹
191 3994 341 4069 egerant,
376 4005 416 4049 ex
448 3983 652 4050 llrcbanberti
684 3988 903 4052 continuatore
928 3989 1021 4073 plane
1045 3980 1200 4071 perspici-

264 4139 289 4206 t)
325 4143 378 4193 Lib.
397 4145 427 4195 V.
445 4159 471 4195 v.
491 4151 541 4197 tat
562 4147 645 4206 (Pertz
664 4149 710 4199 SS.
730 4150 748 4208 l,
769 4149 840 4212 269).

262 4231 287 4290 8)
326 4233 390 4282 bun.
410 4235 481 4286 Fuld.
503 4239 563 4298 888,
584 4235 727 4299 Boebtner,
750 4239 817 4287 1087
836 4260 868 4274 ·-
884 4239 961 4286 1087.
