2796 4958
799 648 849 712 79

317 813 385 884 888
407 816 518 884 Meldis
552 817 677 884 civitate
707 813 848 896 (Meam)
881 814 1020 884 funditus
1049 814 1183 895 sublata,
1206 823 1236 895 ¹)
1272 837 1333 906 per

319 927 493 991 llatronam
515 924 698 1011 Sequanam
730 921 875 1010 ingressa
904 922 945 990 ad
966 924 1082 991 Luviae
1105 922 1248 1010 (Louain)
1273 922 1332 991 llu-

320 1031 359 1096 rii
382 1030 484 1118 ripam
507 1029 739 1107 hiemaveruut;
768 1049 798 1095 a.
821 1029 886 1097 889
910 1029 1136 1118 Burgundiam,
1165 1028 1331 1098 lotharin-

320 1137 405 1223 giam
429 1156 531 1224 usque
555 1133 596 1200 ad
619 1132 821 1201 Veroduoum
842 1147 874 1201 et
895 1135 1025 1215 Tullum,
1047 1136 1235 1214 Neustriam
1257 1157 1331 1224 par·

320 1254 385 1308 tem
397 1242 581 1331 Aquitaniae
601 1242 773 1328 pervagati,
797 1235 943 1329 tempore
962 1240 1095 1309 bmmali
1113 1241 1331 1311 Constantiam

319 1345 433 1414 urbem
467 1346 678 1426 (Contanees)
719 1359 900 1415 everterunt
916 1346 961 1434 ²);
1003 1367 1087 1415 anno
1120 1359 1229 1417 tamen
1263 1348 1332 1416 890

319 1473 435 1539 magna
465 1453 501 1519 iis
533 1453 627 1521 clade
653 1451 695 1521 ab
725 1453 824 1522 Alano
854 1465 887 1521 et
915 1451 1090 1520 ludiolreilu
1121 1452 1260 1522 dueibus
1291 1453 1333 1521 de

320 1559 497 1627 Britanniae
521 1560 675 1646 regimine
696 1558 936 1627 decertantibus
959 1558 1042 1624 illata
1060 1557 1102 1643 ⁸),
1127 1579 1186 1647 per
1206 1560 1333 1650 Sequa·

319 1686 393 1732 nam
416 1669 498 1733 lsam
530 1666 664 1753 ingressi
694 1667 880 1754 Noviomagi
910 1666 1054 1754 (Noyon)
1083 1677 1189 1733 casua
1217 1666 1330 1733 metati

319 1785 399 1848 sunt,
424 1792 515 1860 quos,
537 1773 644 1838 hieme
665 1771 708 1838 ibi
727 1785 871 1858 peracta,
892 1771 967 1839 Odo
986 1790 1042 1837 rex
1062 1766 1107 1839 ab'
1125 1770 1331 1862 expeditione

320 1898 421 1965 usqne
453 1876 494 1944 ad
525 1879 644 1946 Mosam
677 1877 761 1944 laeta
793 1877 982 1953 redeuutes.
1017 1897 1117 1965 super
1146 1876 1330 1946 Galtlreram

318 1981 447 2049 fluuium
461 1994 629 2050 assecutus
644 1982 767 2072 praeda
779 1981 982 2052 solummodo
998 1982 1129 2071 privavit
1145 1983 1183 2071 ⁸).
1206 1985 1332 2052 Deinde

317 2101 466 2176 tempore
497 2089 615 2156 vernali
646 2112 674 2157 a.
697 2089 761 2157 891
786 2090 957 2159 Normanni
987 2090 1142 2156 maritima
1170 2090 1245 2158 loea
1273 2111 1332 2178 pe·

319 2208 439 2275 tentes,
473 2207 627 2262 aestatem
658 2197 700 2264 ibi
731 2206 954 2284 transegemnt
983 2194 1122 2284 indeque
1152 2196 1333 2264 iterumad

320 2303 442 2369 llosam
465 2325 568 2392 usque
592 2324 688 2390 agros
712 2312 972 2390 peragraverunt.
1021 2300 1100 2368 Cum
1123 2315 1231 2371 autem
1255 2323 1332 2371 eurr

320 2421 370 2476 tor
391 2409 547 2476 annalium
564 2408 815 2486 Vedastinorum
838 2408 929 2495 hujus
952 2408 997 2474 rei
1020 2409 1132 2475 unicus
1154 2409 1332 2485 10311911-

320 2514 438 2580 nullum
466 2514 619 2580 velociter
650 2515 831 2582 occurrisse
853 2534 978 2604 eosque
1000 2525 1088 2581 mans
1110 2512 1252 2581 Scaldim
1273 2512 1333 2581 llu-

320 2621 404 2685 rium
428 2633 460 2684 et
482 2641 585 2708 prope
607 2619 773 2687 Atrebates
794 2621 864 2686 sine
887 2631 1002 2686 eventu
1024 2620 1202 2687 insecutum
1225 2642 1264 2688 re
1286 2622 1334 2688 iu·

321 2724 406 2791 lecta
440 2725 470 2790 in
503 2747 637 2814 regnum
667 2749 758 2794 suum
785 2727 921 2794 rediisse
951 2725 1070 2806 tradat,
1103 2725 1136 2792 id
1165 2728 1332 2795 mensibus

321 2832 404 2919 llajo
428 2831 477 2899 vel
500 2835 591 2900 lunio
614 2832 731 2900 laetum
754 2832 851 2898 fuisse
883 2833 1074 2919 putaverim,
1103 2832 1177 2920 quia
1200 2831 1255 2900 die
1277 2833 1332 2899 22.

322 2943 394 3025 Apr.
428 2959 540 3025 regom
570 2939 763 3007 Ratisbonae
783 2938 809 3025 ·)
839 2952 872 3005 et
906 2936 1033 3006 diuet.
1052 2939 1122 3004 lulii
1156 2959 1267 3005 rursus
1300 2941 1332 3006 in

324 3055 414 3111 curte
444 3047 531 3131 regia
561 3044 748 3112 llatahhova
775 3044 1001 3131 (Mattigholen)
1020 3045 1047 3131 ⁸)
1077 3057 1333 3114 commorantem

323 3149 514 3228 invenimus,
538 3171 643 3238 quem,
666 3161 701 3217 ut
723 3162 787 3217 tam
810 3151 957 3218 celeriter
980 3152 1011 3217 in
1035 3152 1199 3218 Bavariam
1221 3174 1333 3221 rever·

322 3266 451 3332 teretur,
477 3254 614 3322 sortasse
636 3255 754 3324 bellum
778 3258 970 3324 lloravicum
995 3257 1162 3325 imminens
1185 3278 1331 3328 eommo-

322 3363 372 3427 vit.
413 3362 493 3428 llisit
516 3374 624 3428 tamen
647 3362 689 3429 ad
714 3363 824 3430 hostes
844 3383 863 3428 a
888 3361 1003 3431 finibus
1017 3364 1225 3445 Germanicis,
1247 3389 1331 3455 quos

322 3471 435 3534 iterum
457 3469 644 3547 invaserant,
668 3468 828 3536 arcendos
852 3470 1026 3536 exereitum
1050 3471 1252 3551 Franoioum,
1276 3475 1331 3562 qui

323 3575 456 3661 Trajeoti
475 3575 664 3654 (Mastrioht)
683 3575 856 3642 convenire
867 3575 978 3662 jussus
1001 3588 1050 3641 est
1070 3581 1108 3654 ¹).
1144 3578 1332 3667 Priusquam

389 3789 428 3854 ,1)
463 3789 706 3854 nnn.ved.,att.
778 3790 809 3854 9)
847 3793 1329 3860 1111119011,009,1193.800,889.

397 3876 427 3941 0)
462 3881 537 3944 Rep,
557 3883 617 3941 890,
636 3884 701 3929 Anu.
719 3880 801 3943 Ved.,
822 3884 882 3942 090,
906 3882 977 3932 Fabii
993 3882 1153 3932 Ethelwerdi
1174 3883 1268 3937 chron.
1287 3900 1330 3950 up.

323 3963 492 4018 Monumenta
511 3969 636 4018 historica
653 3967 800 4019 Britannica
821 3968 863 4019 erl.
880 3971 964 4022 Patria
983 3970 1011 4020 el
1029 3965 1148 4033 Sharpo,
1166 3971 1185 4034 1,
1208 3977 1269 4024 1117.

395 4060 424 4116 t)
467 4062 531 4104 nnn.
549 4056 614 4105 ved.
638 4060 697 4106 091.
723 4057 860 4109 Galtherae
877 4059 949 4108 fluvii
968 4058 1036 4108 situs
1053 4059 1197 4121 ignoratur.
1216 4083 1250 4098 -

396 4141 427 4205 t)
464 4143 602 4206 Boelrmer,
623 4147 700 4196 1090.
773 4143 804 4203 t)
839 4147 956 4197 tronum.
974 4145 1054 4197 Belca
1071 4145 1157 4210 xxxi,
1179 4153 1202 4211 1,
1225 4153 1283 4200 137.

398 4231 427 4294 l)
464 4232 525 4296 lieg.
545 4234 605 4296 991,
622 4233 690 4285 Anu.
706 4233 777 4285 Fuld.
796 4237 857 4297 091,
878 4235 943 4284 Anu.
960 4235 1033 4299 vad„
1052 4239 1113 4288 991.
