2796 4958
188 781 272 837 mus,
302 781 320 825 a
344 781 408 848 quo
432 770 624 826 accusantur
647 763 798 850 „tyranni
819 760 869 826 vei
893 758 997 844 potius
1019 757 1206 836 latrunculi,

189 865 242 953 qui
272 864 377 930 adhue
407 867 531 932 vivente
566 868 770 933 serenissimo
802 867 996 952 imperatore
1020 863 1138 930 carolo
1170 876 1208 930 et

190 970 285 1035 fratre
309 970 454 1057 ejusdam
477 971 640 1040 Ludoviuo
671 994 750 1061 rege
773 973 811 1058 (a.
835 969 912 1053 881)
942 969 1016 1034 licet
1045 969 1207 1036 latitando

192 1088 289 1160 caput
320 1076 426 1142 levare
457 1088 695 1164 praesumant.·‘
754 1081 800 1143 De
832 1073 990 1156 ejusmodi
1019 1075 1206 1142 bominibus

194 1182 415 1269 panegyristes
447 1185 625 1270 berengarii
648 1184 672 1268 ¹)
708 1195 781 1270 post
811 1181 914 1248 Caroli
949 1192 1085 1247 mortem
1120 1179 1207 1247 haee

193 1285 267 1351 facit
291 1287 389 1353 verba
411 1289 615 1367 „Miseranda
644 1289 762 1376 cupido
786 1287 852 1354 Sed
882 1287 1020 1374 populos
1044 1288 1207 1373 persuasit

194 1412 308 1478 agens,
338 1398 391 1481 qui
415 1395 510 1461 limite
532 1397 597 1463 lato
620 1396 716 1460 Unius
741 1396 875 1481 imperio
898 1394 981 1460 soliti
1005 1413 1205 1459 concurrere

192 1498 300 1584 piures
326 1501 362 1564 Ut
385 1502 535 1566 mirentur
566 1501 682 1568 abhinc
706 1501 833 1566 diversa
857 1520 916 1586 per
940 1519 1015 1566 arva
1040 1510 1205 1588 tyrannos,

194 1605 231 1668 Et
253 1605 312 1670 sibi
343 1627 492 1695 quaeque
514 1607 599 1694 legat
623 1607 785 1692 proprium
810 1627 906 1692 gens,
939 1604 1087 1672 omnibus
1118 1605 1206 1671 idem

193 1712 275 1775 Dum
300 1722 457 1795 perstaret
479 1722 608 1778 amor.“
656 1711 804 1776 Similiter
830 1712 949 1798 Regino
973 1730 999 1777 s.
1023 1731 1051 1777 a.
1072 1709 1143 1776 888
1165 1710 1208 1777 de

195 1816 232 1880 iis
256 1815 404 1902 loquitur:
435 1819 529 1895 „Post
552 1818 643 1904 eujus
667 1816 795 1902 (Caroli)
828 1829 963 1884 mortam
995 1837 1109 1904 regua,
1144 1837 1208 1905 que

196 1919 264 2006 ejus
288 1920 395 1987 ditioni
413 1936 592 2007 paruerant,
615 1922 709 1988 vetuti
729 1921 867 2009 legitimo
889 1923 1038 1989 destituta
1056 1923 1208 2003 haerede,

198 2027 227 2091 in
252 2039 358 2112 partes
383 2050 402 2093 a
425 2049 483 2094 sua
505 2049 664 2116 compage
686 2029 901 2106 resolvuntur,
925 2029 1042 2115 etjam
1066 2051 1130 2094 non
1155 2051 1210 2095 na-

198 2132 331 2198 turalem
375 2133 536 2201 dominum
576 2134 824 2224 praestolantur,
863 2133 923 2199 sed
962 2133 1213 2222 unumquodque

198 2238 240 2303 de
263 2240 328 2306 suis
352 2240 528 2307 visceribus
551 2263 661 2328 regern
685 2239 745 2306 sibi
769 2241 871 2306 creari
897 2239 1044 2326 disponit.
1054 2247 1070 2272 “
1119 2240 1211 2316 Quae

199 2344 296 2409 verba
320 2344 406 2410 multi
430 2347 477 2412 sie
501 2347 696 2433 interpretati
720 2357 808 2422 sunt,
839 2357 873 2410 ut
893 2345 1032 2432 singulas
1057 2349 1212 2421 nationes,

199 2469 282 2535 quae
306 2471 325 2514 a
349 2452 458 2537 Pipino
492 2464 525 2518 et
549 2453 662 2518 Caroto
694 2451 789 2517 armis
819 2451 975 2517 subactae
1007 2471 1119 2516 eorum
1153 2449 1213 2517 ob·

201 2566 435 2649 temperassent
456 2557 708 2634 suecessoribus,
733 2567 817 2636 tune,
843 2558 972 2624 uinculis
998 2557 1135 2622 universi
1156 2557 1215 2622 im·

201 2662 280 2748 perii
304 2662 422 2742 solutis,
447 2685 525 2729 suae
549 2683 709 2752 quamque
732 2676 865 2730 naturae
888 2685 928 2731 ac
952 2663 1112 2730 varietatis
1137 2684 1216 2752 gna-

202 2789 269 2834 ram
293 2782 326 2834 et
349 2775 520 2849 consciam,
544 2771 693 2857 proprios
716 2769 777 2835 sibi
801 2769 939 2856 elegisse
963 2768 1110 2834 dominos
1133 2769 1217 2834 exis·

203 2875 364 2952 timerent,
395 2897 498 2969 eaque
529 2873 684 2945 divisione
715 2896 773 2943 eos
798 2885 928 2942 exortos
962 2895 1037 2940 esse
1067 2873 1217 2969 populos,

206 2981 258 3066 qui
283 3001 384 3067 usque
409 2981 438 3044 in
462 2980 649 3047 hodiernum
674 2982 759 3049 diem
781 2982 810 3045 in
832 2982 959 3069 Europa
978 2979 1218 3066 distinguuntur.

205 3085 273 3153 Hoc
297 3087 399 3173 primo
425 3085 671 3154 concedendum
695 3099 751 3166 est,
776 3085 952 3152 counmunis
978 3086 1100 3173 patriae
1122 3089 1218 3152 Fran·

205 3193 296 3257 cioao
319 3212 462 3261 aurorem
481 3192 523 3276 ²),
553 3192 605 3279 qui
630 3214 742 3258 ornnes
766 3190 938 3283 aliquando
961 3192 1219 3278 amplectebatur

206 3309 335 3385 gentes,
359 3298 448 3363 simui
473 3318 547 3363 aum
569 3298 669 3384 gloria
694 3299 836 3365 Francici
861 3297 996 3362 nominis
1018 3317 1059 3361 ex
1081 3295 1218 3363 filiorum

207 3405 358 3474 Ludovioi
382 3404 424 3474 Pii
449 3403 617 3469 discordiis
641 3417 673 3471 et
702 3405 792 3472 bellis
817 3404 918 3488 magis
942 3403 1109 3491 magisque
1134 3402 1219 3468 desi-

208 3511 281 3587 isse,
303 3509 363 3574 sed
382 3529 445 3574 non
463 3519 535 3589 tam,
560 3511 632 3602 quia
650 3512 807 3588 Germani,
831 3509 906 3587 Itali,
930 3507 1123 3594 Francogalii
1145 3529 1221 3595 pro·

208 3616 294 3706 puias
318 3637 354 3681 se
378 3635 452 3680 esse
471 3616 615 3688 nationes
632 3617 726 3709 piano
746 3617 866 3686 seirent
884 3626 916 3681 et
934 3615 1096 3693 sentirent,
1121 3635 1219 3706 quam

214 3750 412 3769 '’Q-''¹'-

287 3826 312 3896 t)
349 3831 377 3881 L.
398 3828 416 3893 l,
434 3847 460 3882 v.
481 3837 512 3884 ta
533 3847 643 3898 sqq,-

283 3914 309 3984 ἢ)
346 3920 416 3971 Μου.
435 3923 546 3986 sangall.
567 3923 642 3984 gesta
658 3920 716 3970 Kar.
734 3921 766 3970 Μ.
784 3916 816 3981 11,
838 3922 859 3972 1,
879 3919 925 3969 eir.
943 3919 1008 3969 Ftori
1027 3919 1135 3968 Diaooai
1151 3916 1222 3983 Lug*
1253 3958 1256 3963 .

212 4007 323 4056 dunens.
349 4010 455 4071 querela
479 4009 513 4061 da
532 4008 661 4058 divisione
682 4010 790 4071 imperii.
816 4008 947 4070 (Bouquet
967 4003 1020 4065 vti,
1041 4007 1110 4066 ³01).
1148 4009 1224 4066 Quos

213 4107 306 4145 omnes
325 4096 426 4146 dudum
450 4096 533 4145 tenuit
560 4096 703 4147 eonoordia
723 4109 821 4157 nenos,
847 4095 964 4147 Foedere
988 4107 1059 4146 auae
1078 4097 1158 4159 rupto
1179 4095 1225 4145 di-

211 4185 296 4236 vortia
314 4186 418 4239 moesta
436 4183 575 4250 fatigant·“
598 4210 631 4223 -
