2796 4958
330 798 497 872 moverim,
523 817 595 863 eum
620 817 683 862 noo
708 817 836 862 vassum
860 795 920 864 sed
944 799 1049 886 potius
1073 821 1170 869 sensu
1193 805 1342 890 ampliori

329 902 495 983 ‚‚iidelem“
520 906 547 968 ei
573 901 689 969 iactum
714 901 820 982 fuisse,
842 904 884 969 ita
908 914 942 970 ut
965 906 1024 981 ille,
1048 909 1100 973 cui
1123 908 1195 974 nihil
1218 909 1343 998 obliga·

331 1023 381 1076 tus
405 1021 488 1085 erat,
512 1007 554 1074 ob
580 1009 735 1096 majorem
758 1027 848 1074 suam
872 1011 1106 1093 auctoritatem,
1130 1017 1219 1102 regui
1243 1019 1342 1083 Fran-

331 1117 401 1182 oiae
422 1113 629 1182 occidentalis
652 1113 851 1201 adipiscendi
875 1116 905 1180 ei
924 1128 1036 1183 auctor
1057 1117 1157 1185 lieret.
1192 1126 1237 1187 Ao
1263 1122 1338 1188 dum

330 1245 348 1289 a
372 1220 510 1287 Falcone
531 1218 658 1306 quidem
683 1220 816 1296 ‚‚homo“
833 1222 957 1307 (Vasall)
976 1223 1092 1289 ernulfi
1115 1227 1296 1312 appellatur
1315 1229 1338 1314 ¹)

329 1349 368 1394 ex
399 1325 564 1392 annalibus
588 1324 764 1392 Vadastiuis
794 1327 962 1393 amicitiam
986 1348 1058 1395 cum
1083 1351 1124 1396 eo
1150 1333 1266 1418 junxit;
1296 1335 1336 1402 ab

328 1439 442 1500 Assera
472 1431 678 1509 „fidelitatem
704 1444 735 1498 et
758 1432 1000 1499 obedientiam“
1024 1437 1052 1500 ei
1077 1438 1263 1522 promisisse
1288 1462 1336 1508 rav

328 1542 441 1617 lartur,
474 1539 503 1602 in
534 1538 699 1604 annalibus
732 1538 940 1604 Fuldeuaibus
959 1546 1005 1618 ²),
1037 1543 1187 1611 maluisse
1218 1568 1334 1624 „suum

326 1667 460 1733 ragnum
485 1644 584 1730 gratia
608 1664 680 1709 cum
705 1644 790 1729 regis
820 1644 957 1729 pacifice
981 1644 1116 1724 habere,
1147 1671 1244 1738 quam
1274 1654 1334 1720 ulla

322 1751 482 1839 jactancia
505 1760 616 1815 contra
645 1751 713 1836 ejus
736 1746 920 1814 fidelitatem
950 1751 1125 1836 superbire.
1135 1762 1171 1788 “·
1191 1757 1335 1845 Scriptor

326 1856 514 1922 vedastinus
531 1856 559 1940 ⁸)
583 1877 642 1920 nos
666 1857 759 1920 etiam
782 1856 937 1920 certiores
959 1855 1040 1933 lacit,
1065 1858 1103 1922 illi
1122 1871 1237 1946 postea
1252 1865 1334 1931 llbe-

326 1963 385 2028 mis
417 1964 448 2028 in
482 1962 621 2029 ecclesia
651 1962 708 2030 Dei
744 1962 903 2048 genitricis
940 1981 1094 2029 coronam
1129 1967 1170 2033 ab
1204 1968 1332 2038 Amulio

325 2070 454 2135 missam
479 2068 531 2134 die
554 2069 597 2135 St.
619 2067 730 2133 Briccii
753 2068 819 2146 (13.
844 2069 936 2146 Nov.)
959 2069 1138 2157 impositam
1162 2093 1252 2150 essa,
1276 2097 1333 2162 pa-

323 2177 463 2264 riterque
479 2173 668 2240 oblivionem
687 2175 835 2250 omnium,
859 2194 942 2260 quae
967 2174 996 2238 in
1020 2196 1058 2240 se
1075 2176 1215 2244 admissa
1234 2193 1332 2259 erant

324 2281 511 2349 delictorum
535 2281 793 2368 proclamavissa.
845 2280 916 2345 lloo
943 2281 1036 2368 igitur
1057 2282 1155 2349 modo
1178 2305 1236 2350 rex
1260 2287 1332 2352 Gal·

324 2387 397 2453 liam
419 2386 479 2452 sibi
503 2384 657 2463 oblatam,
688 2405 812 2450 memor
834 2384 970 2451 fortasse
994 2400 1235 2455 antecessorum
1256 2412 1331 2458 suo·

322 2513 408 2565 rum,
432 2490 485 2577 qui
505 2489 645 2555 similiter
667 2511 686 2554 a
711 2487 900 2555 factionibus
929 2490 970 2558 ad
1002 2511 1073 2557 eam
1106 2496 1330 2580 occupandam

321 2596 437 2661 invitati
461 2594 571 2661 clades
596 2606 713 2660 tantum
737 2607 940 2682 acceperant,
964 2596 1013 2662 alii
1038 2598 1156 2663 homini
1179 2598 1331 2693 adminis.

322 2700 465 2768 trandam
495 2701 623 2767 tradidit
652 2722 757 2789 eoque
787 2701 982 2788 Francogalli
1013 2716 1045 2769 et
1072 2704 1221 2770 Germani
1251 2730 1331 2775 nuu-

321 2829 416 2896 quam
453 2828 560 2873 rursus
597 2808 689 2873 unius
726 2808 859 2894 imperio
899 2806 1149 2896 obtemperaturi
1188 2817 1329 2899 separati

319 2925 399 2978 sunt
444 2913 555 2998 Neque
579 2913 673 2978 etiam
698 2913 757 2979 ulla
782 2932 878 2978 causa
903 2912 1000 2978 fuisse
1023 2914 1160 2993 videtur,
1191 2936 1251 2983 cur
1272 2923 1329 2988 dr·

319 3018 421 3084 nullus
444 3017 547 3082 Odoni
572 3037 704 3103 regnum
730 3019 899 3094 invideret,
932 3038 1005 3083 cunr
1038 3022 1143 3086 omnia
1172 3043 1212 3088 ea
1236 3027 1329 3105 mala,

320 3122 436 3211 quibus
459 3143 512 3189 ras
535 3123 688 3188 Franciae
713 3123 886 3198 orientalis,
916 3135 1011 3199 antea
1031 3136 1093 3190 tam
1116 3125 1329 3198 florescentes

319 3229 469 3317 paulatim
508 3227 752 3308 delabebantur,
787 3230 816 3294 iu
852 3227 1040 3294 occidentali
1068 3230 1136 3316 jam
1169 3253 1328 3305 summam

317 3345 421 3401 terrae
439 3334 648 3400 calamitatem
672 3335 860 3401 attulissent:
884 3354 995 3420 regum
1017 3332 1185 3414 infirmitas,
1208 3338 1342 3424 barba<

316 3461 422 3507 rorum
444 3440 633 3515 invasiones.
657 3439 741 3506 bella
759 3438 866 3516 civilia,
891 3439 1040 3505 nobilium
1058 3439 1210 3510 effrenata
1227 3445 1327 3515 libido

316 3557 348 3612 et
371 3545 521 3634 superbia
546 3545 670 3633 aliaque
695 3546 798 3612 multa.
858 3546 960 3623 Quam
983 3544 1079 3610 tristis
1103 3557 1242 3635 atquae
1268 3550 1326 3618 de-

314 3651 408 3718 scribi
432 3652 481 3718 vix
506 3654 621 3738 possit,
659 3652 777 3718 Galliae
801 3662 866 3716 tum
896 3649 1043 3718 condicio
1068 3650 1172 3731 luerit,
1201 3656 1324 3742 optime

314 3776 353 3822 ex
383 3758 519 3824 concilio
547 3760 732 3843 Troslejano
757 3777 784 3822 a.
815 3755 880 3820 909
911 3753 1019 3820 habito
1051 3759 1263 3843 perspicimus
1283 3765 1323 3840 ⁴).

385 4022 408 4078 t)
446 4019 585 4073 Flodoard.
607 4025 671 4074 Hist.
691 4024 780 4073 [them.
798 4024 842 4088 tv,
861 4029 885 4074 ⁵·

383 4100 408 4164 2)
447 4107 608 4173 landold,
628 4115 687 4165 888.
762 4110 790 4172 8)
827 4113 892 4162 Aun.
912 4111 1029 4174 Vedast,
1048 4116 1110 4163 888.

381 4193 408 4249 t)
445 4195 508 4240 Acta
527 4198 584 4258 ejus
604 4212 646 4261 ap.
664 4195 749 4250 Menai
767 4198 845 4248 xvrtt
866 4213 891 4260 p.
910 4201 970 4246 att.
989 4212 1047 4262 sqq.
1082 4238 1085 4244 .
1158 4244 1162 4249 .
