2796 4958
776 632 854 700 lud

317 804 444 873 cladem
477 801 664 891 deplorans:
699 805 811 883 „Nune
841 803 929 873 canis
958 803 1029 890 ipse
1058 801 1189 871 domum
1214 802 1329 872 Christi

317 911 541 999 spurcissimus
571 911 678 987 intrat,
708 913 768 977 Dat
797 909 931 977 necibus
963 909 1108 997 plebem,
1139 909 1234 998 vulgo
1264 931 1329 984 res,

320 1016 444 1104 ignibus
476 1015 607 1092 aedem;
643 1018 680 1082 lt
713 1035 856 1082 mensam
887 1016 1010 1082 Domini
1052 1037 1178 1084 sauram
1213 1037 1328 1083 manus

320 1125 415 1211 impia
434 1121 562 1199 scindit;
582 1125 706 1189 Trautat
719 1121 855 1208 pollutus
867 1134 1048 1189 sanctorum
1062 1124 1195 1210 pignora
1208 1135 1327 1199 tactum

320 1229 547 1316 Ecclesiaeque
570 1249 671 1315 pecus
695 1247 832 1315 peregre
857 1227 1030 1295 transducit
1053 1228 1211 1295 abactum.
1256 1230 1328 1294 Non

321 1335 449 1400 miseret
483 1335 595 1419 patris⁴
615 1334 699 1401 nulla
730 1346 780 1400 est
808 1333 969 1403 miseratio
994 1336 1110 1401 matris.
1162 1332 1330 1420 Transfigit

321 1452 428 1507 natum
446 1440 560 1512 sleritas
585 1453 657 1506 ante
680 1462 737 1507 ora
762 1452 944 1527 parentum,
974 1442 1040 1507 Nec
1065 1453 1169 1506 natam
1194 1441 1329 1517 redimit,

322 1545 408 1634 quod
434 1559 535 1613 mater
556 1545 666 1612 funera
683 1547 809 1634 plangit.
841 1547 949 1612 Junior
964 1558 1059 1634 atque
1073 1568 1183 1624 senex,
1206 1545 1330 1612 lactens

321 1674 403 1740 puer
426 1664 522 1740 atque
546 1653 666 1738 puella,
696 1652 781 1718 Alter
811 1656 840 1718 ln
866 1653 993 1718 alterius
1023 1651 1201 1719 moribundi
1224 1650 1331 1718 caede

318 1759 464 1825 volutant.
509 1761 626 1824 instant
650 1759 773 1825 ltalides
803 1760 957 1846 spoliatae
988 1758 1110 1824 civibus
1141 1757 1255 1832 urbes,
1286 1761 1329 1823 lle

319 1863 452 1930 desolati
480 1863 619 1952 demptis
643 1865 815 1932 cultoribus
838 1867 914 1952 agri,
938 1865 1049 1952 Campi
1074 1886 1244 1931 caesorum
1268 1864 1330 1928 sio·

318 1969 398 2035 eutis
420 1970 546 2036 ossibus
569 1971 685 2038 albent.
718 1974 787 2038 Jam
812 1988 889 2059 puto
913 1985 958 2038 tot
978 1972 1036 2038 vivi
1061 1992 1123 2037 non
1146 1981 1227 2047 sunt,
1252 1983 1329 2058 quot

320 2086 422 2142 morte
446 2079 612 2164 perempti.
622 2079 636 2103 ’'
659 2115 702 2127 —

408 2183 495 2248 Haeo
520 2184 624 2250 omnia
648 2195 721 2271 post
744 2183 858 2252 arnulfi
892 2184 1011 2251 obitum
1036 2180 1238 2258 acciderunt;
1278 2180 1329 2247 die

319 2290 402 2372 enim
427 2287 457 2356 8.
482 2288 649 2355 Decembr.
678 2313 716 2357 m.
738 2298 768 2373 ¹)
793 2314 820 2358 a.
844 2291 909 2356 899
935 2289 1053 2356 diutino
1077 2286 1191 2354 morbo
1227 2287 1329 2373 impli-

320 2410 409 2463 catus
433 2395 624 2461 Ratisbonae
649 2395 804 2470 decessit,
838 2397 891 2463 ubi
919 2397 950 2462 in
979 2394 1113 2460 basilica
1136 2394 1179 2459 St.
1206 2394 1331 2458 Emme-

320 2503 398 2566 rami
422 2507 461 2580 ²),
486 2501 609 2586 patroni
634 2502 703 2588 ejus
726 2502 902 2569 bonorifiea
926 2503 954 2567 in
980 2521 1055 2568 area
1077 2498 1206 2587 lapidea
1226 2496 1253 2580 ⁸)
1278 2518 1329 2563 se-

320 2606 425 2694 pultus
456 2618 520 2684 est3
550 2605 670 2694 ibique.
695 2607 802 2674 donee
827 2609 1051 2675 monasterium
1075 2606 1237 2672 tolleretur
1260 2603 1329 2669 dies

321 2712 431 2779 mortis
455 2712 523 2799 ejus
549 2712 644 2778 missa
669 2714 883 2780 anniversaria
908 2735 966 2799 pro
990 2713 1094 2778 anima
1117 2711 1202 2776 lecta
1226 2731 1245 2776 a
1270 2710 1331 2774 lra-

321 2818 435 2895 tribus,
466 2839 599 2906 quorum
625 2821 711 2885 vivus
737 2821 898 2886 exstiterat
920 2819 1123 2893 benefactor,
1148 2815 1331 2882 celebratus

323 2938 379 2992 est.
425 2926 490 2991 Nos
515 2936 633 3002 nutem,
658 2928 711 3014 qui
736 2926 846 3004 rebus,
870 2947 954 3015 quae
977 2924 1019 2992 ab
1043 2923 1105 2988 boe
1129 2925 1195 2987 viro
1218 2934 1332 3008 gestae

321 3041 408 3106 sum,
433 3030 583 3095 rimandis
607 3031 809 3098 fundamenta
836 3033 926 3098 futuri
952 3029 1144 3096 mouumenti
1163 3028 1331 3114 jacientes,

321 3135 490 3222 paullulum
521 3135 740 3203 immortalitati
772 3139 840 3224 ejus
871 3151 1020 3204 terrenae
1051 3134 1211 3222 prodesse
1241 3135 1330 3221 eupi-

321 3263 400 3320 muS,
423 3241 504 3307 sicut
528 3243 675 3308 monachi
696 3243 891 3310 solemnibus
915 3242 972 3308 illis
993 3255 1154 3317 aeternae,
1171 3241 1238 3325 jam
1253 3261 1331 3327 pau-

322 3349 393 3415 cula
413 3370 468 3426 ea,
500 3370 583 3438 quae
607 3349 649 3416 de
672 3350 778 3416 indole
803 3361 834 3416 et
857 3349 999 3416 moribus
1022 3347 1092 3434 ejus
1114 3348 1226 3413 tradita
1259 3360 1332 3413 sunt

323 3518 523 3528 -—-——

397 3600 421 3669 1)
461 3605 626 3656 Coelestinus
650 3606 734 3656 abbas
752 3607 853 3655 invenit
872 3619 894 3656 a.
922 3607 986 3654 tall
1011 3605 1036 3653 in
1055 3604 1113 3665 ipra
1135 3616 1196 3654 area
1216 3603 1333 3655 tabulam

321 3692 487 3755 plumbeam,
516 3693 540 3741 ln
570 3707 621 3756 qua
645 3695 712 3744 haee
741 3693 825 3743 verba
851 3694 977 3755 inscripta
1005 3694 1094 3742 erant:
1126 3691 1184 3755 „Vl
1207 3689 1246 3742 ld.
1270 3693 1333 3744 Deo.

324 3781 422 3830 arnolt.
446 3778 466 3830 l.
489 3781 517 3831 R.
545 3781 619 3831 obit.''
651 3783 772 3832 Eundem
800 3783 869 3832 diem
896 3781 977 3832 babet
1005 3780 1126 3832 Bernoldl
1153 3781 1333 3844 maurolegium

323 3864 414 3932 (Pertz
432 3869 464 3932 V,
481 3868 554 3931 393).
583 3869 685 3920 Necrol.
705 3874 738 3920 st.
756 3871 925 3929 Emmeraml,
945 3870 966 3918 V
984 3870 1028 3920 Ital
1057 3868 1131 3928 Dee,
1150 3868 1210 3932 Rog.
1228 3883 1252 3919 a.
1273 3873 1333 3929 89⁹,

321 3956 355 4003 lll
372 3955 425 4005 Kal.
444 3955 520 4018 Dee,
547 3954 649 4007 Necrol.
670 3959 740 4021 Aug,
761 3959 779 4006 ll
800 3957 837 4009 ld.
854 3958 903 4007 lul.
922 3957 972 4019 (1);
990 3957 1092 4007 Necrol.
1111 3956 1272 4008 Prumienso.
1289 3954 1333 4008 lll.

321 4041 468 4106 Kal.1)oe.;
495 4045 570 4095 Neer.
587 4046 757 4096 Lauresham.
781 4047 813 4095 lV
833 4047 868 4096 ld.
884 4046 992 4095 Decem.
1017 4044 1117 4095 Necrol.
1141 4044 1280 4106 Epternae.
1301 4044 1333 4096 lll

321 4131 373 4180 Kal.
391 4131 456 4181 Dee.
526 4132 551 4192 1)
590 4137 654 4182 dun.
672 4134 742 4184 Fuld.
762 4139 821 4196 910,
842 4136 902 4198 Reg.
922 4137 981 4183 899.

397 4219 422 4280 a)
459 4218 589 4284 Buehnor,
608 4221 672 4274 bair.
693 4223 786 4273 deson.
805 4223 834 4284 ll,
856 4226 915 4271 138.
