2796 4958
526 659 601 724 us
641 610 650 619 ⁸

56 857 118 905 vos
141 833 304 924 expellere
333 831 467 899 auderet
489 836 529 910 ¹).
581 833 671 898 Duae
702 828 744 896 de
767 824 952 918 Suatopluci
976 828 1066 925 >regis

56 953 161 1010 morte
184 940 382 1008 narrationes
405 958 530 1026 eaeque
559 935 654 1004 valde
683 938 861 1004 contrariae
890 945 1065 1013 memoriae

56 1048 206 1138 proditae
228 1058 316 1126 suut,
340 1047 438 1113 altera
461 1065 479 1111 a
503 1044 661 1131 scriptore
684 1043 830 1110 Fuldensi
853 1042 894 1132 ¹),
925 1046 1024 1116 altera
1047 1073 1066 1118 a

56 1154 263 1223 Constantino
286 1151 562 1241 Porphyrogeuito
583 1155 619 1236 ⁸).
662 1153 763 1239 Atque
785 1149 835 1215 ille
859 1151 988 1238 quidem
1010 1157 1066 1223 ad-

57 1261 191 1328 modum
212 1259 318 1337 iratuS,
342 1278 415 1324 eum
442 1257 599 1334 „ultimum
623 1255 780 1322 hortando
803 1277 888 1335 suos,
912 1279 952 1324 ne
976 1264 1066 1348 pacis

56 1381 236 1444 amotores,
263 1363 323 1432 sed
354 1364 458 1450 potius
493 1364 607 1429 inimici
629 1361 814 1429 domesticis
838 1365 1067 1449 persisterent”
1152 1452 1154 1456 Α

56 1497 77 1542 e
102 1476 165 1541 vita
188 1471 370 1540 excessisse
395 1469 477 1546 dicit,
502 1489 585 1557 quae
609 1467 790 1545 admonitio,
813 1468 871 1533 nisi
894 1470 1067 1547 „domesti-

57 1583 138 1648 cos”
168 1579 237 1646 illos
260 1579 399 1643 Francos
431 1576 629 1663 interpretari
658 1575 818 1655 volumus,
851 1575 912 1642 bac
943 1581 1065 1650 ratione

60 1687 137 1752 date
167 1703 230 1752 nea
248 1681 395 1750 florarici
426 1681 517 1747 ducis
549 1679 691 1748 moribus
719 1694 934 1750 consentanea
959 1707 1065 1777 neque

62 1792 195 1859 omnino
225 1787 399 1856 rmisimilis
435 1799 492 1854 est.
554 1789 697 1875 Scriptor
737 1801 842 1854 autem
877 1791 1067 1882 Byzantinus

58 1909 182 1972 narrat,
215 1905 341 1985 patrem
364 1893 567 1972 morientem,
602 1895 797 1960 notissimam
823 1895 904 1962 illam
928 1898 1066 1971 fabulam

57 2002 202 2092 agendo,
229 1998 330 2067 tribus
352 1997 422 2065 liliis
446 2011 510 2066 tres
539 2014 770 2067 sarmentorum
796 2000 901 2068 fasces
926 2002 1065 2088 dedisse,

57 2111 110 2199 qui
133 2105 389 2193 cumconjunoti
421 2105 607 2194 frauginon
632 2105 822 2193 potuissent,
858 2121 923 2173 tum
954 2112 1065 2199 singuli

56 2215 151 2283 valde
175 2213 309 2280 inissent
332 2211 473 2298 fragiles,
495 2223 529 2278 ut
551 2211 613 2278 hoc
638 2211 785 2298 exernplu
810 2233 868 2279 cos
893 2221 1066 2305 praecipue

56 2320 264 2389 concordiam
286 2338 416 2385 servare
440 2318 583 2385 doceret.
617 2317 683 2384 Sed
707 2337 781 2386 cum
802 2330 868 2388 tota
890 2319 973 2388 haec
995 2347 1067 2392 nar-

57 2430 155 2504 ratio,
176 2427 248 2515 plus
265 2446 360 2514 quam
376 2425 601 2514 quinquaginta
623 2446 725 2491 annos
742 2438 817 2513 post
831 2426 889 2510 bas
911 2449 965 2495 res
988 2452 1066 2499 con-

57 2535 191 2622 scripta,
227 2532 365 2601 caeteris
399 2530 440 2597 de
471 2529 597 2598 duobus
628 2531 725 2598 modo
761 2530 830 2599 liliis
864 2534 1066 2623 loquentibus

60 2641 224 2729 poeticam
245 2636 407 2728 quandam
431 2639 576 2725 speciem
601 2657 679 2724 prae
702 2658 740 2703 se
764 2638 856 2719 ierat,
892 2640 965 2708 huic
988 2666 1068 2732 quo-

57 2767 123 2836 que
151 2744 251 2813 fidem
272 2743 432 2831 abrogare
464 2744 576 2809 malim.
631 2744 673 2807 Ex
697 2746 905 2831 scriptoribus
929 2752 1066 2833 posteris

56 2853 164 2919 varias
184 2849 229 2918 de
244 2851 428 2938 suatopluci
453 2848 516 2916 fine
538 2847 733 2914 tradentibus
756 2850 886 2928 fabulas,
911 2851 972 2919 boc
994 2855 1066 2925 loco

58 2957 234 3046 praecipue
269 2957 404 3024 Cosmas
440 2957 609 3043 Pragensis
644 2954 821 3022 laudandus
857 2969 906 3024 est
929 2962 972 3040 ⁴),
1014 2965 1067 3051 qui

58 3085 134 3131 eum
157 3062 262 3129 subito
286 3085 324 3130 ex
348 3062 455 3129 medio
480 3063 620 3128 exercitu
644 3061 801 3149 elapsum,
826 3064 856 3131 in
879 3079 986 3136 monte
1011 3073 1069 3138 Zo-

60 3169 121 3237 bor
163 3189 266 3257 prope
299 3170 417 3236 Nitram
458 3168 630 3236 solitarium
672 3169 767 3235 vitam
801 3174 949 3257 posuisse
984 3176 1068 3246 dicit.

59 3275 116 3342 Cui
148 3295 279 3362 prorsus
303 3276 443 3344 carmina
467 3275 664 3360 Ungarorum
695 3275 859 3364 popularia
882 3296 1069 3369 repugnant,

60 3401 197 3470 quorum
222 3381 354 3468 vestigia
377 3383 463 3447 Keza
481 3379 508 3467 ⁶)
533 3390 565 3446 et
587 3378 779 3448 Thuroczius
800 3385 825 3468 ⁸)
857 3404 1068 3456 conservave-

59 3498 147 3563 runt,
172 3507 244 3554 cum
268 3486 298 3551 in
322 3488 373 3566 iis,
405 3486 488 3552 illum
512 3484 554 3552 ab
577 3486 715 3572 Arpadio
739 3488 895 3556 devictum
920 3504 952 3558 et
974 3492 1069 3582 fugae

58 3613 96 3658 se
122 3590 249 3660 dantem
274 3595 304 3659 in
330 3591 473 3659 Danubio
502 3589 596 3659 lluvio
621 3591 803 3660 demersum
829 3616 904 3662 esse
925 3598 1068 3687 fingatur.

21 3786 22 3789 Ἴ
58 3697 123 3764 Filii
155 3697 246 3786 igitur
276 3698 476 3786 suatopluci,
512 3698 563 3787 qui
596 3699 739 3789 Moymiri
773 3710 806 3767 et
835 3702 1019 3793 Suatopluci
1044 3711 1070 3797 ⁷)

133 3922 159 3984 1)
201 3917 507 3982 consectaneum.
530 3923 664 3972 11--19,
735 3927 761 3987 s)
797 3928 1042 3993 Ann.Fuld„89t.

133 4011 159 4070 ³)
197 4010 235 4060 de
250 4008 318 4059 adm.
337 4011 408 4072 imp,
430 4012 471 4058 tr.
546 4009 570 4069 t)
608 4007 681 4061 Pertz
701 4015 743 4063 SS.
765 4015 804 4077 lll,
827 4020 868 4068 tt.

131 4093 159 4161 5)
195 4097 336 4148 Eudlicber
354 4093 468 4148 bionum.
487 4110 537 4146 rer.
558 4098 650 4161 Unger.
672 4114 697 4162 p.
723 4105 779 4152 101.

131 4178 158 4251 t)
197 4185 389 4236 Schwandtner
407 4184 453 4236 Ss.
472 4199 522 4235 rer.
540 4185 653 4250 Hungar.
670 4202 697 4250 p.
719 4193 760 4240 82.

133 4270 159 4336 'tl
197 4276 264 4323 Anu.
281 4273 362 4339 ruta,
384 4277 444 4338 899,
460 4277 520 4326 901.
