2796 4958
656 657 729 721 tet

190 833 309 896 itesam
329 828 412 903 sitae
435 827 598 913 adjutores
613 829 723 904 secuti,
747 846 819 892 oum
838 826 987 895 Odonem
1003 850 1103 916 super
1117 831 1213 906 Auo,

191 959 263 1003 nam
293 934 419 1000 llurium
453 953 526 997 uum
557 933 696 998 exercitu
728 934 787 998 sibi
812 934 1059 1019 praestolantem
1085 955 1197 1003 eerne-

191 1055 274 1117 rent,
305 1061 340 1106 re
364 1039 479 1104 inlecta
503 1037 545 1104 ob
570 1053 744 1115 secretam,
775 1051 807 1104 ot
830 1039 1032 1118 dicebantur,
1062 1063 1140 1128 erga
1166 1041 1198 1106 il·

191 1149 254 1214 lum
285 1145 457 1212 amicitiam>
485 1145 514 1209 in
545 1145 676 1230 patriam
715 1146 853 1232 regressi
883 1159 964 1213 sunt.
1022 1151 1045 1212 A
1083 1148 1197 1234 quibus

192 1253 362 1319 derelictus
386 1251 461 1316 dum
480 1251 613 1318 Carolus
636 1251 677 1317 ad
700 1251 890 1318 llichardum
916 1251 1116 1340 Burgundiae
1141 1252 1197 1318 du·

191 1380 264 1426 com
281 1357 429 1444 confugit,
453 1356 656 1423 adversarius
673 1377 746 1422 eum
765 1380 828 1424 non
852 1373 1019 1425 assecutus
1044 1359 1195 1430 Lutetiam

191 1487 229 1532 sa
249 1463 390 1550 recepit,
418 1484 484 1549 quo
505 1477 630 1529 remoto
655 1463 704 1528 ille
728 1463 838 1528 iterum
863 1465 1014 1530 Franciue
1030 1477 1130 1552 parto
1154 1465 1198 1529 in·

191 1592 269 1639 vasa
293 1571 361 1657 ejus
384 1569 481 1635 sociis
505 1591 620 1656 magua
651 1570 799 1656 importat
831 1572 1036 1647 detrimenta,
1067 1571 1196 1658 „sicque

192 1677 368 1744 alternatim
390 1697 429 1742 ex
453 1686 585 1762 utraque
610 1688 700 1761 parte
724 1676 811 1742 multi
829 1689 971 1763 pereunt,
994 1676 1108 1762 ingens
1132 1699 1197 1742 ma·

191 1781 263 1860 litia,
288 1781 533 1848 innumerabiles
557 1781 687 1867 rapinae
711 1795 744 1848 et
766 1781 914 1849 assiduae
936 1781 1078 1879 praedae
1094 1780 1196 1848 liunt.‘’

188 1889 351 1968 Querelao
376 1889 510 1953 ‘interim
547 1908 674 1965 eorum,
703 1888 760 1976 ‘qui
790 1909 863 1955 curn
894 1887 1008 1954 Carolo
1044 1889 1196 1966 iecerunt,

191 1995 278 2085 quod
303 1993 376 2061 orto
407 1994 485 2082 ipsis
514 1993 599 2060 bona
623 1995 744 2072 omnia,
776 2015 858 2083 quaa
886 1995 916 2058 in
937 1995 1068 2060 Francia
1098 1993 1195 2059 lralte·

190 2115 274 2175 rent,
304 2099 476 2177 adimeret,
508 2099 560 2169 ad.
578 2098 695 2166 Amulli
725 2123 826 2189 usque
857 2123 950 2169 aures
975 2114 1196 2188 pervenerunt,

189 2210 244 2296 qui
261 2208 374 2292 legatis
392 2206 495 2272 missis
509 2205 632 2293 utrique
653 2220 685 2272 ut
706 2207 748 2273 ad
768 2227 804 2273 se
829 2209 950 2275 veniret
973 2206 1140 2293 praecepit
1161 2208 1192 2290 ¹),

189 2327 366 2403 „quatenus
395 2323 501 2378 tantae
528 2312 713 2378 calamitatis
745 2314 861 2380 malum
885 2317 967 2382 inter
989 2333 1047 2379 eos
1069 2310 1196 2379 finiret”

189 2421 285 2498 Quod
309 2418 475 2504 imparium
499 2417 572 2482 Odo
597 2418 743 2484 celeriter
768 2432 951 2499 exsecutus,
982 2439 1054 2486 cum
1084 2440 1195 2485 mune-

158 2606 160 2610 Α
189 2525 367 2610 ribus-rogi
393 2522 616 2610 Borbetomagi
641 2526 778 2591 occurrit
798 2530 840 2614 ²),
870 2527 922 2615 qul
952 2547 1026 2592 eum
1056 2524 1195 2592 tortasse

189 2632 233 2698 ob
258 2631 338 2696 hanc
363 2628 578 2695 obedientiam
608 2632 807 2717 competitori
839 2632 1040 2719 praeferens,
1069 2629 1196 2698 honori-

187 2739 252 2804 lice
276 2737 399 2823 recepit
422 2747 519 2824 atque
542 2737 573 2801 in
595 2757 696 2824 regno
721 2737 829 2805 denuo
854 2736 1059 2805 confirmavit.
1097 2725 1196 2804 Caross

186 2847 237 2911 -lus
268 2865 345 2911 vero
375 2863 394 2908 a
424 2843 488 2907 suis
519 2863 560 2909 ne
590 2842 848 2929 proficisceretur
876 2865 1060 2932 persuasus,
1083 2843 1195 2909 Fulcu-

190 2973 262 3016 nem
288 2964 318 3016 et
335 2949 694 3036 Adalongunicomitem
708 2948 831 3036 legatos
855 2951 936 3018 misit
958 2955 993 3037 ⁸),
1018 2970 1058 3016 ex
1080 2948 1195 3038 quibus

188 3057 296 3124 Odoni
336 3054 482 3121 redeunti
520 3055 646 3121 obviam
681 3055 933 3142 procedentibus
968 3056 1037 3134 hic,
1075 3057 1193 3142 impetu

191 3165 274 3230 laeto
306 3161 488 3228 interiectus
512 3160 576 3240 est,
608 3160 658 3226 ille
681 3162 851 3228 semiustus
874 3166 982 3230 evasit
1007 3199 1048 3213 -
1083 3166 1118 3226 ln
1142 3183 1196 3227 ea·

190 3271 266 3335 dem
291 3268 340 3333 illa
363 3271 511 3333 contione
530 3266 812 3355 Borbetomagonsi
830 3269 982 3347 Aruullus,
1006 3268 1094 3357 quod
1113 3268 1196 3355 jam-

190 3376 312 3442 dudum
329 3384 544 3460 exoptaverat,
568 3373 698 3440 tandem
719 3374 863 3461 adeptus,
888 3373 1105 3442 Zuentebaldo
1124 3374 1196 3452 filio,

191 3482 307 3549 Odone
330 3492 502 3568 praesente
526 3498 599 3544 cum
623 3484 782 3546 communi
806 3501 966 3548 consensu
983 3480 1067 3568 regis
1083 3480 1194 3546 Letha-

190 3589 309 3674 ringiua
334 3606 373 3652 ac
394 3584 593 3672 Burgundiae
618 3586 790 3673 superioris
815 3586 964 3655 diadema
987 3586 1137 3673 imposuit
1156 3587 1196 3672 ⁴);

266 3813 289 3878 t)
327 3816 494 3879 tenvem,
516 3823 577 3869 895.
648 3818 674 3885 2)
712 3817 1104 3884 Rag.8ttt,dnn.Futd.895.

240 3952 243 3958 .
264 3899 289 3966 a)
331 3902 426 3955 iterim.
444 3908 509 3970 Aug.
528 3919 550 3958 u.
572 3911 622 3958 895
648 3922 710 3960 eum
734 3911 822 3973 ipsum
848 3922 903 3960 non
921 3909 1008 3980 multo
1025 3909 1089 3971 post
1107 3908 1198 3959 adve-

191 3991 273 4051 nisse,
292 4002 346 4038 non
366 3995 439 4043 recte
459 3992 543 4042 tradit.

264 4070 289 4141 t)
318 4079 382 4128 dnn.
390 4081 469 4144 l'uld.‚
481 4085 540 4131 89⁵.
550 4081 620 4146 Reg,
630 4087 689 4133 895.
700 4086 864 4137 Boehmerus
875 4087 927 4136 hoc
938 4086 981 4135 die
994 4081 1100 4147 tettan
1110 4098 1196 4134 mens.

191 4163 289 4214 tactum
308 4178 378 4244 essa,
399 4169 520 4230 coniecit,
540 4170 589 4220 sed
607 4176 670 4233 post
690 4173 860 4235 tt.ejusdern
873 4173 998 4223 acctderit
1013 4171 1128 4223 necesse
1148 4174 1199 4234 ast,

191 4263 254 4303 cum
289 4253 342 4304 hoc
375 4254 418 4308 dte
446 4257 569 4309 arnoltus
610 4262 752 4311 etiamtunc
785 4259 919 4311 'triburiae
956 4263 1138 4312 commoratus
1167 4262 1201 4310 sit
