2796 4958
664 669 740 732 m

198 851 286 918 sunt,
315 859 380 906 nen
403 857 508 925 pauca
532 849 653 919 tamen,
684 860 768 928 quae
792 839 945 906 historiae
968 860 1112 906 summae
1136 841 1213 920 utili-

199 947 254 1012 tati
278 958 352 1011 sunt
373 945 549 1010 memoriae
572 944 720 1031 prodidit.
776 947 877 1012 Unum
910 946 1083 1032 praecipue
1106 945 1211 1013 locum

196 1052 268 1139 ojus
293 1050 343 1117 hle
366 1049 497 1116 laudare
522 1051 603 1130 volo,
627 1054 680 1141 qui
704 1053 730 1118 si
754 1064 843 1119 recte
866 1051 1042 1138 intelligitur
1063 1071 1210 1137 magnam

195 1156 296 1224 rebus
319 1155 491 1243 Bulgaricis
521 1156 583 1224 hoc
616 1170 762 1247 temporo
792 1159 885 1225 valde
920 1157 1067 1224 obscuris
1098 1156 1210 1229 lucem,

195 1263 250 1351 qui
275 1259 416 1329 affundat
442 1261 579 1329 idoneus
603 1277 660 1333 est.
720 1263 822 1331 Verba
845 1276 951 1332 autem
981 1264 1135 1341 auctoris,
1167 1263 1209 1330 de

196 1367 314 1456 quibus
335 1367 451 1455 loquor
472 1368 555 1435 baec
576 1383 652 1435 sunt
677 1375 721 1452 ¹):
749 1375 806 1435 οιαὶ
828 1377 928 1436 ταῦτα
952 1370 981 1456 (i.
1007 1391 1034 1436 e.
1058 1369 1208 1437 adminis

193 1473 364 1540 trationem
395 1474 590 1560 spiritualem
620 1476 758 1562 regionis
789 1474 1048 1562 Cutmitzibitzae)
1078 1476 1208 1562 Κλήμης

196 1581 233 1646 δι
255 1581 339 1647 ὅλων
362 1584 446 1645 λιστα
469 1581 625 1647 ἐνιαυτοῖν
647 1588 702 1659 (ex
726 1592 872 1668 tempore
896 1581 962 1661 illo,
992 1603 1056 1670 quo
1078 1603 1120 1648 ex
1142 1583 1208 1648 Mo-

197 1688 285 1753 ravia
314 1686 465 1773 expulsus
497 1692 560 1769 ost)
590 1687 831 1771 καταργδσατο.
866 1689 931 1774 ἤδη
957 1689 998 1754 δὲ
1031 1689 1149 1770 ὄγδοον
1174 1712 1207 1752 ro

159 1881 169 1898 ο
198 1789 240 1878 ἤν
260 1789 353 1881 ordeni
372 1798 428 1878 τῆς
450 1794 666 1870 διδασκαλίας
688 1793 771 1872 ἔτος,
800 1801 855 1861 καὶ
881 1799 1014 1882 ’ὕστερον
1041 1799 1099 1879 ιη”ς
1125 1779 1207 1879 ζωῆς

198 1903 245 1985 τῷ
265 1903 322 1967 τοῦ
343 1901 427 1964 docti
448 1898 554 1985 δούλῳ
577 1901 715 1984 Μιχαὴλ
744 1904 789 1987 τῷ
810 1906 934 1988 Βορίση
957 1938 999 1950 -
1023 1900 1209 1982 διαδέχεται

183 2004 238 2069 Υδὲ
259 2003 317 2090 τὴν
340 2002 443 2088 α’ρχῆι
465 2003 617 2070 duodeci}
648 2003 718 2080 οἷὸς
741 2005 963 2092 Βλαδίμηρος,
992 2011 1141 2093 τέταρτον
1170 2006 1207 2070 δὲ

199 2110 269 2186 ἕως
292 2109 436 2194 improb
457 2116 496 2199 τῇ
518 2109 614 2199 dmi,
635 2109 673 2188 λξ
696 2108 888 2197 ἀνθρώπων
908 2111 1033 2202 ἐγένετο
1054 2118 1108 2175 καὶ
1135 2113 1206 2197 rrip-

200 2218 336 2302 ρονόμος
358 2218 491 2283 πάντων
512 2215 531 2282 ὁ
554 2214 700 2300 α’διλφδς
719 2215 809 2302 αὐτῷ
830 2222 961 2300 §optor
984 2217 1014 2303 (a
1037 2238 1110 2304 quo.
1135 2229 1207 2301 per-

201 2322 247 2408 git
268 2333 394 2400 auctor,
424 2323 569 2388 virtutum
599 2320 669 2407 ejus
693 2320 839 2387 laudibus
860 2322 893 2386 in
914 2321 1041 2387 coelum
1061 2321 1207 2406 sublatis)

200 2428 374 2504 ἐπίσκοπος
394 2428 592 2514 Δρεμβίιζας
615 2427 687 2511 ἤτοι
714 2427 872 2504 Brumae
893 2428 1126 2512 προβάλλεται,
1153 2433 1208 2492 καὶ

200 2535 284 2600 οὕτω
302 2532 348 2620 δὴ
372 2531 553 2622 Βουλγάρῳ
573 2531 698 2623 γλώσσῃ
727 2536 851 2618 πρῶτος
881 2533 1052 2611 ἐπίσκοπος
1080 2531 1097 2600 o‘
1124 2534 1208 2619 Κλή-

200 2662 264 2723 μης
289 2638 515 2704 καθίσταιαι.”
570 2637 684 2703 Omnia
712 2639 742 2703 in
773 2638 835 2704 hoc
862 2639 934 2705 loco
966 2639 1153 2726 explicando
1179 2641 1208 2703 in

202 2763 245 2810 co
273 2744 377 2830 posita
411 2755 498 2822 sunt,
533 2741 696 2830 quomodo
727 2743 858 2809 verbum
886 2746 1017 2828 ὔσιορον
1044 2743 1206 2830 duplicem

202 2870 332 2916 sensum
357 2849 535 2926 admittens
560 2871 578 2915 a
599 2848 692 2916 nobis
709 2849 913 2936 intelligentam
938 2850 1059 2914 sienim
1077 2847 1209 2932 ὕστερον

158 3007 163 3014 .
201 2960 260 3042 τῆς
284 2955 365 3040 ζωῆς
387 2955 481 3020 vitam
510 2955 540 3042 (i.
565 2975 592 3020 e.
615 2956 762 3041 mortem)
794 2969 934 3043 sequens
958 2955 1208 3043 interpretemur,

201 3061 340 3151 septimo
365 3072 438 3148 post
452 3060 621 3127 Clementis
645 3062 675 3126 i'n
692 3061 866 3149 Bulgariam
890 3062 1108 3149 migrationem
1126 3084 1208 3129 anno

203 3166 389 3235 ldicbaelem
413 3176 570 3233 mortuum
593 3177 667 3233 esse
697 3180 838 3254 oportet,
867 3168 1063 3260 Symeonem
1093 3182 1209 3246 autem,

187 3294 277 3340 cum
302 3273 450 3339 Clemens
476 3294 541 3339 non
564 3274 638 3339 ante
661 3273 812 3359 Stephani
836 3276 858 3338 ll
882 3295 988 3360 papae
1011 3275 1209 3354 electionem,

203 3400 317 3446 menso
340 3377 521 3466 Septembri
551 3400 578 3446 a.
603 3378 669 3447 885
699 3378 814 3445 iactam
843 3400 862 3445 e
893 3380 1030 3446 Meraria
1058 3380 1210 3467 expulsus

206 3499 307 3565 esset,
336 3492 362 3552 ai.
394 3485 460 3553 896
491 3486 619 3551 demum
651 3506 689 3550 ex
719 3484 781 3550 hac
811 3486 1047 3571 computatione
1076 3501 1210 3573 regnum

206 3593 358 3678 adeptum
390 3612 484 3666 esse,
517 3590 603 3678 quod
628 3601 826 3678 quantopere
848 3611 920 3657 cum
949 3591 1083 3665 aliorum
1111 3593 1211 3679 scrip·

206 3711 309 3766 torum
332 3698 517 3765 testimoniis
541 3718 637 3783 supra
660 3696 759 3762 allatis
784 3709 912 3784 pugnet,
935 3697 1063 3785 longum
1080 3708 1137 3762 'est
1157 3718 1212 3763 ex·

206 3805 336 3892 plicare.
370 3805 485 3871 Verum
509 3817 561 3870 res
583 3824 714 3890 prorsus
735 3804 824 3870 aliter
846 3825 883 3871 se
899 3803 1005 3883 habet,
1027 3798 1212 3891 sideraque,

207 3911 295 4000 quod
322 3910 407 3978 baud
438 3914 538 3977 minus
569 3910 663 3996 genio
689 3909 834 3990 Graecae
864 3912 988 3998 linguae
1020 3920 1127 3996 aptum
1156 3920 1213 3985 est,

208 4007 420 4104 posteriorem
451 4014 829 4107 significaregopinemur
858 4027 1021 4103 totumque
1044 4015 1151 4082 locum
1174 4016 1214 4080 ita

211 4174 411 4190 ᾖ*

284 4252 309 4312 ι)
345 4266 371 4302 e.
393 4248 461 4302 ιι-
477 4256 509 4301 so
530 4247 570 4312 (ο.
591 4247 646 4312 as).
