2796 4958
323 795 441 863 eodem
464 806 620 881 tempore,
644 795 780 884 valjam
804 807 907 872 antea,
932 805 1100 881 postquam
1123 790 1338 859 Gundacarus

322 922 435 968 comes
459 913 570 967 contra
593 902 680 968 cives
702 923 780 969 suos
803 921 948 990 pugnans
972 921 998 966 a.
1020 898 1087 968 869
1110 897 1188 966 obiit
1212 896 1252 984 ¹),
1279 899 1339 964 Ar-

323 1007 441 1073 nuifum
463 1006 614 1072 ducatum
633 1007 844 1075 Carintbinum
863 1016 1046 1073 assecutum
1064 1026 1147 1082 esse,
1170 1004 1265 1072 valde
1287 1015 1341 1070 est

325 1112 509 1191 verisimile,
542 1133 616 1178 cum
647 1126 679 1180 et
709 1115 829 1202 Regino
859 1136 888 1180 a.
916 1111 983 1178 880
1012 1113 1223 1179 Carantanum
1253 1111 1286 1176 ei
1320 1131 1341 1177 a

324 1231 417 1305 patre
437 1221 504 1305 jam
528 1219 651 1305 pridem
676 1240 867 1287 concessum
893 1238 967 1285 csse
990 1217 1091 1294 dicat,
1114 1229 1147 1282 et
1169 1217 1202 1282 in
1225 1215 1341 1283 charta

325 1323 465 1412 quadam
485 1324 512 1409 ¹)
536 1345 624 1404 eum,
656 1325 888 1392 carolomanno
911 1324 1097 1412 superstite,
1119 1323 1150 1388 in
1174 1323 1342 1390 Pannonia

325 1429 488 1518 quondam
539 1431 656 1498 Choziii
702 1431 850 1519 subjecta
896 1442 1082 1516 regnantem
1132 1429 1341 1495 inveniamus.

327 1536 556 1603 Dominabatur
586 1547 692 1603 autem
723 1540 752 1603 in
783 1540 818 1604 iis
843 1539 969 1604 circiter
991 1536 1098 1613 terris,
1128 1556 1208 1622 quas
1241 1534 1343 1601 hodie

326 1643 481 1732 Styriam,
513 1643 719 1720 Carinthiarn,
748 1645 894 1711 Creinum
926 1663 1095 1719 vocamus,
1124 1662 1144 1706 a
1172 1640 1275 1706 Slavis
1309 1650 1343 1706 et

325 1748 434 1814 liberis
464 1760 496 1814 et
525 1750 640 1824 servis,
670 1750 723 1837 qui
755 1769 828 1816 oum
859 1749 1026 1815 Germanis
1054 1747 1215 1814 commixti
1247 1756 1344 1812 erant

329 1854 434 1934 cultis,
464 1876 598 1942 quarum
628 1856 737 1923 civitas
765 1856 901 1921 maxima
925 1853 1112 1921 Mosaburcb
1144 1864 1212 1919 erat
1241 1870 1345 1930 „cas-

326 1971 410 2026 trum
432 1962 689 2039 munitissimum,
721 1961 871 2049 eoquod
896 1960 1013 2048 palude
1036 1958 1269 2047 impenetrabili
1295 1959 1345 2026 io·

329 2085 387 2132 cus
416 2067 562 2145 vallatus,
592 2066 807 2134 difficillimum
839 2066 1029 2133 adeuntibus
1060 2064 1196 2153 prebeat
1224 2082 1345 2131 acces·

300 2201 302 2205 ·
329 2174 415 2238 sum”
437 2173 473 2258 ⁸).
521 2175 599 2241 Cum
622 2185 750 2261 praeter
770 2173 969 2250 Carintbiam,
991 2171 1186 2238 Pannoniam
1209 2191 1347 2259 quoque

331 2279 448 2344 Arnulfi
473 2281 655 2366 „regnum”
679 2280 790 2359 fuisse,
819 2281 955 2366 scriptor
979 2277 1142 2343 Fuidensis
1162 2276 1189 2362 ⁴)
1218 2298 1349 2344 memo-

331 2385 399 2450 riae
423 2384 553 2470 prodat‚
584 2387 624 2451 de
649 2386 739 2473 hujus
763 2386 946 2474 provinciae
969 2385 1029 2450 situ
1054 2396 1086 2450 et
1107 2382 1223 2450 finibus
1245 2384 1347 2452 vaide

332 2489 489 2576 ambiguis
519 2491 666 2557 nonnulla
697 2492 858 2559 disserere
881 2492 1097 2557 necessarium
1122 2490 1203 2556 duxi.
1262 2492 1349 2558 Sae-

333 2596 405 2662 culo
437 2602 520 2662 enim
544 2599 602 2664 vlit
626 2599 720 2665 Aniso
749 2598 843 2665 fluvio
862 2599 1024 2664 Bavariam
1053 2595 1182 2663 finiente
1201 2596 1242 2682 ⁶),
1275 2620 1349 2664 om-

332 2701 393 2779 nia,
418 2723 501 2790 quae
524 2703 566 2769 ab
591 2724 631 2770 eo
656 2706 810 2770 orientem
832 2726 943 2771 versus
966 2703 1132 2790 patebant,
1154 2702 1204 2768 vel
1228 2723 1349 2771 recen-

333 2808 465 2876 tioribus
490 2810 669 2877 nominibus
692 2811 791 2876 Hunia
815 2832 873 2877 seu
896 2810 1016 2887 avaria,
1039 2808 1090 2873 vel
1111 2808 1239 2896 antiquo
1264 2810 1351 2876 Pan·

335 2916 430 2980 nonia
465 2916 655 2994 vocabatur,
692 2917 833 3004 ideoque
868 2917 962 2983 etiam
1001 2926 1116 3003 postea
1151 2918 1349 2984 Francorum

335 3021 469 3107 imperio
494 3021 577 3088 bunc
601 3023 765 3088 terminum
791 3034 1006 3110 transgresso,
1039 3022 1064 3087 is
1087 3042 1220 3108 regnum
1246 3024 1350 3089 Bava-

334 3128 436 3192 rioum
460 3149 479 3193 a
503 3129 663 3194 Pannonia
685 3147 838 3214 separare
866 3126 1059 3196 credebatur
1076 3128 1112 3211 ⁸).
1158 3129 1266 3194 Avaris
1291 3151 1349 3195 au·

336 3244 403 3299 tem
425 3234 454 3298 in
480 3232 630 3299 ditionem
654 3231 808 3312 redactis,
837 3256 966 3302 marcae
989 3234 1158 3301 orientales
1181 3255 1200 3300 a
1224 3236 1350 3301 comiti-

411 3421 436 3482 t)
474 3420 629 3472 Ann.Fuid.
650 3424 711 3471 888.

409 3511 435 3570 8)
473 3511 601 3560 Anamodi
623 3510 664 3560 lib.
682 3510 813 3561 tradition.
851 3509 918 3572 (Pan
945 3511 1071 3561 Thesaur.
1100 3510 1254 3561 anecdotor.
1280 3508 1301 3569 1,
1325 3515 1350 3572 8,

339 3595 415 3657 m).
449 3597 583 3648 Diaconus
602 3598 708 3660 quidam
727 3598 867 3649 Gundbato
886 3601 1031 3649 commutet
1051 3600 1176 3650 nonnulla
1193 3595 1304 3658 praedia
1324 3599 1352 3649 in

337 3685 471 3735 Pannonia
491 3688 540 3735 sita
562 3684 691 3745 „domino
711 3699 760 3735 suo
779 3686 885 3736 Arnoifo
903 3687 954 3736 filio
973 3689 1051 3751 regali
1070 3686 1265 3750 permittente''.

413 3772 438 3832 8)
475 3773 536 3835 Reg.
563 3776 622 3822 880.
654 3772 815 3823 Moseburch
844 3776 972 3837 oppidum
999 3790 1070 3826 nunc
1096 3778 1214 3825 excisum
1240 3775 1352 3826 miliario

339 3863 493 3911 Germanico
513 3874 528 3909 a
547 3860 712 3923 Kiageniurto
734 3864 761 3909 et
781 3875 834 3911 non
859 3864 934 3928 longe
954 3879 968 3915 a
990 3866 1048 3914 lacu
1066 3863 1274 3928 Klugeniurtensi
1292 3868 1355 3916 erat

338 3952 478 3998 remotum.
562 3944 588 4012 t)
625 3951 689 3997 Ann.
708 3946 779 3999 Fuid.
797 3951 861 4002 Pars
882 3955 912 4016 V,
933 3958 992 4004 aet.

410 4033 436 4100 8)
472 4036 596 4086 Einherdi
614 4039 699 4088 annal.
719 4052 742 4087 a.
765 4043 830 4102 791,
858 4042 1008 4106 Meginiredi
1033 4042 1067 4092 de
1091 4043 1144 4093 vita
1166 4041 1354 4092 Emmarammi

338 4120 380 4170 lib.
401 4135 423 4172 c.
446 4126 468 4170 6.
496 4123 607 4184 (canisii
628 4127 755 4177 lectiones
775 4131 896 4193 antiquae
917 4131 957 4191 ΙΙΙ,
977 4135 999 4188 1,
1020 4128 1076 4192 95.)

412 4210 437 4269 8)
473 4208 538 4261 inde
566 4212 628 4265 dicit
651 4214 802 4268 Ludovicus
823 4217 852 4268 ll.
875 4233 921 4269 rex
951 4218 1071 4281 „Tullina
1098 4220 1165 4270 situs
1190 4220 1215 4268 in
1243 4220 1355 4282 regione
