2796 4958
198 819 264 903 jam
290 815 417 903 legitimi
438 814 624 882 carolorum
643 815 765 901 posteri
778 814 960 897 exstabant,
988 817 1049 888 ssd
1069 818 1134 886 duo
1152 831 1230 887 tan-

204 936 268 990 tum
292 921 393 998 nothi,
426 932 458 986 et
481 918 625 987 Amulius
650 940 670 985 a
692 900 929 1005 natufmauimo
952 919 1088 995 filiorum
1112 925 1229 996 Ludo-

202 1029 278 1095 wici-
288 1027 466 1097 Germanici
487 1037 519 1093 et
540 1024 720 1092 concubina
743 1025 873 1112 quidem
897 1026 957 1097 sed
977 1029 1077 1097 >nobili
1101 1028 1227 1101 lernina

204 1145 401 1220 procreatus,
424 1149 521 1218 quem
545 1130 631 1195 multi
652 1131 718 1218 jam
744 1132 786 1202 ob
811 1130 1000 1201 fortitudinis
1021 1134 1137 1206 lamam
1162 1135 1225 1201 de-

204 1238 433 1313 sideraverunt
458 1249 490 1303 et
513 1232 729 1314 Bernhardus‚
751 1237 954 1323 imperatoris
977 1237 1058 1309 filius
1083 1259 1121 1305 er
1150 1242 1226 1327 pel-

204 1344 264 1409 lice
283 1341 424 1409 sublatus
444 1343 479 1428 ¹),
504 1342 557 1428 qui
577 1362 682 1428 neque
704 1341 917 1413 adunaturam
941 1354 1006 1411 turn
1025 1359 1225 1432 pervenerat

206 1458 343 1515 aetatem
362 1448 398 1533 ²),
423 1467 528 1534 neque
550 1445 723 1514 admodum
747 1450 776 1513 in
801 1448 911 1535 populi
934 1450 1035 1535 gratia
1054 1449 1154 1515 fuisse
1175 1452 1224 1518 vi·

206 1555 307 1629 detur,
332 1573 404 1619 cum
428 1553 565 1638 scriptor
587 1553 752 1623 Fuldensis
771 1552 799 1638 ⁸)
823 1554 853 1618 iu
876 1553 939 1627 hoc
964 1554 1103 1630 laetetur,
1127 1557 1222 1641 quod

205 1659 304 1746 patris
334 1658 557 1734 „fraudulenta
582 1659 737 1724 consilia“
769 1659 810 1723 ad
843 1661 1083 1727 successionem
1107 1659 1136 1723 ei
1164 1682 1226 1746 pa-

206 1763 337 1839 randam
359 1764 435 1842 „Dei
457 1776 532 1829 nutu
552 1763 722 1853 dissipata‘
743 1763 814 1840 sint,
837 1775 870 1828 et
887 1763 1063 1830 monachus
1080 1766 1224 1849 Augieu-

206 1871 258 1947 sis,
282 1869 334 1955 qui
356 1868 560 1934 Erchanberti
583 1867 773 1934 breviarium
794 1869 986 1933 continuavit
1004 1868 1040 1954 ⁴),
1064 1889 1222 1954 magnam

206 1978 237 2040 in
260 1973 386 2040 Arnnlfo
411 1974 574 2040 collocans
599 1994 706 2060 spem,
737 1971 780 2039 de
806 1971 988 2039 Bernhardo
1014 1995 1144 2060 prorsus
1173 1990 1224 2042 ta-

207 2090 280 2147 ceat
304 2089 335 2144 et
357 2090 391 2144 ut
415 2082 500 2145 Deus
523 2099 563 2149 ex
587 2077 743 2155 Richarda
767 2128 783 2155 ‚,
792 2099 903 2143 semen
926 2079 1122 2147 exsuscitare
1146 2080 1224 2169 dig-

206 2190 315 2252 netur“
337 2194 455 2249 tantum
476 2194 613 2270 exoptet,
645 2185 796 2259 Neutrum
819 2204 939 2263 corum,
962 2185 1102 2272 legitimo
1124 2188 1222 2272 regni

205 2289 327 2357 herede
351 2289 539 2365 exsistente,
570 2287 632 2354 ullo
658 2288 732 2372 juro
755 2309 880 2354 summa
909 2309 1016 2365 rerum
1040 2290 1133 2378 potiri
1157 2312 1221 2377 po-

205 2396 319 2474 tuisse,
343 2405 375 2459 et
397 2392 509 2457 divisio
533 2392 654 2477 imperii
679 2412 706 2458 a.
731 2391 799 2466 ,817
822 2413 843 2471 a
866 2392 1027 2461 Ludovico
1050 2395 1105 2460 Pio
1130 2396 1220 2463 lacta

206 2499 311 2577 docet,
336 2518 398 2586 qua
422 2496 474 2560 lilii
498 2497 567 2582 ejus
587 2517 663 2581 erga
682 2496 801 2574 liberos
823 2519 882 2577 „ex
898 2498 1102 2573 concubinis‘
1126 2513 1221 2568 ortos

206 2604 304 2673 modo
336 2600 620 2683 „misericorditcr‘
645 2612 677 2666 ut
708 2615 803 2690 agani
833 2603 1045 2672 admonentur
1064 2607 1090 2692 ⁵)
1121 2617 1154 2670 et
1178 2628 1220 2672 ex

206 2733 246 2778 eo
271 2719 420 2797 apparet,
451 2705 538 2795 quod
568 2726 701 2792 regnum
732 2709 914 2775 Bavarioum
938 2709 1116 2777 secuudum
1139 2710 1218 2777 illud

204 2828 413 2906 praeceptum
437 2824 511 2899 post
534 2812 754 2879 Carolomauni
779 2827 913 2879 mortem
935 2815 977 2881 ad
1007 2815 1118 2882 fratres
1144 2818 1218 2903 ejus

205 2921 399 2989 Ludovicum
430 2928 462 2983 et
490 2916 645 3003 deinceps
668 2916 815 2989 Carolurn
844 2920 978 2996 transiit,
1008 2923 1061 3008 qui
1084 2923 1218 2988 llrnullo

205 3022 396 3105 Corinthiam
419 3021 520 3086 solaru
545 3034 775 3089 concesserunt
792 3031 823 3087 el
839 3022 926 3108 quod
947 3045 1101 3109 proceres
1118 3029 1219 3093 Frau-

205 3151 315 3209 corum
345 3148 373 3208 a.
406 3125 472 3193 889
501 3128 700 3195 successioni
728 3126 896 3193 uuthorurn
926 3129 1041 3209 Arnulfi
1075 3131 1217 3199 filiorum

205 3243 420 3323 repugnarunt
438 3231 475 3318 θ).
521 3233 629 3312 Quare
659 3231 753 3298 etiam
783 3232 889 3318 Hugo,
919 3231 1000 3300 lilius
1028 3236 1217 3303 [othariill

204 3358 403 3372 —-—

277 3414 302 3476 t)
337 3413 435 3476 Regino
455 3414 506 3461 887
532 3425 610 3474 quem
636 3425 669 3460 ex
694 3410 785 3473 pellice
812 3415 983 3475 susceperat3
1009 3427 1068 3464 ann.
1091 3414 1165 3467 Fuld.
1185 3413 1215 3468 P.

202 3502 244 3564 IV,
264 3505 313 3552 888
332 3500 412 3550 fillum
433 3511 511 3549 suum
530 3512 563 3548 ex
582 3497 738 3548 concubina.
1076 3502 1079 3507 ’

273 3580 299 3652 8)
338 3585 484 3638 llonachus
505 3586 616 3650 sangall.
635 3580 720 3651 (gestu
739 3584 824 3636 Karoll
844 3586 878 3636 ll.
896 3585 926 3648 11,
947 3590 988 3638 18.
1007 3600 1049 3651 ap.
1069 3590 1146 3640 Portz
1165 3593 1214 3655 88.

202 3677 233 3743 ll,
254 3673 314 3745 788)
333 3687 354 3723 a.
376 3687 401 3725 c.
420 3677 470 3725 tul
483 3677 579 3723 -ast
600 3674 635 3721 ila
653 3671 756 3723 scribit:
783 3673 889 3735 „Qum
909 3671 1040 3742 (causam)
1059 3681 1137 3728 antea
1156 3690 1213 3741 uon

201 3764 353 3826 absolvam,
377 3774 457 3825 quam
473 3758 683 3810 Bernhardulum
706 3761 826 3832 vestrum
850 3765 928 3829 spata
952 3764 1038 3835 lemup
1060 3766 1214 3841 accirem

201 3842 392 3913 conspiciam.⁴'
414 3873 443 3882 -

269 3934 296 4002 8)
332 3932 678 3997 conuersatione.

269 4021 294 4088 l)
331 4020 502 4074 Erohanherti
521 4021 681 4072 continuatio
699 4016 787 4090 (Paris
802 4024 897 4088 8811,
920 4017 992 4093 888).
1012 4049 1044 4062 -

269 4111 295 4173 8)
331 4111 405 4159 Pertz
423 4109 483 4172 Leg.
503 4108 522 4170 1,
543 4111 604 4160 888.
622 4133 657 4148 «-

264 4199 290 4260 8)
328 4200 395 4248 Anu.
413 4196 484 4247 Fuld.
503 4209 526 4246 a.
545 4199 606 4265 888.
686 4244 689 4249 .
1018 4240 1046 4293 3,
