2796 4958
778 657 862 729 ’181

326 852 411 921 gene
435 837 555 922 gentis;
577 855 689 902 verum
712 834 808 900 etiam
831 853 852 900 n
875 832 1090 920 Bajuariorum
1114 850 1194 916 gens
1217 827 1334 897 Gadiu-

326 964 403 1020 rum‚
421 954 456 1009 et
474 965 492 1009 a
512 962 598 1028 rege,
618 941 669 1006 eui
682 961 799 1006 nomen
818 950 888 1004 erat
898 936 1052 1014 Amulius,
1070 937 1174 1002 ierunt
1194 955 1334 1023 namque

327 1047 413 1134 quod
447 1069 465 1113 a
500 1046 585 1114 settis
615 1044 810 1113 caballorum
837 1044 948 1116 fuisset
978 1043 1191 1130 appreensa'’.
1245 1043 1334 1128 Papa

324 1145 370 1218 ¹ab
405 1153 489 1219 omni
525 1162 609 1218 metu
646 1151 811 1229 liberatus,
852 1171 926 1216 enm
956 1148 1126 1237 Ageltruda
1162 1167 1235 1214 eum
1271 1148 1336 1213 suis

328 1258 492 1344 Spoletum
517 1278 554 1323 se
578 1256 754 1324 clanculum
787 1259 980 1344 recepisset,
1008 1275 1119 1340 regem
1144 1257 1334 1320 Francorum

325 1363 392 1449 jam
416 1363 470 1429 diu
490 1373 689 1449 exoptatum,
719 1383 816 1450 quem
846 1363 1004 1450 primores
1035 1360 1168 1428 civitatis
1190 1359 1233 1427 ad
1257 1381 1336 1446 pou-

329 1479 395 1542 tem
418 1469 552 1535 Milvium
576 1470 699 1555 magnis
724 1467 897 1535 honoribus
918 1478 1121 1553 exceperunt,
1144 1466 1175 1533 in
1198 1465 1337 1532 ecelesia

330 1576 374 1641 St.
400 1576 479 1641 Petri
517 1595 637 1640 corona
668 1587 702 1640 et
729 1575 817 1641 titulo
851 1574 1003 1660 imperiali
1034 1572 1163 1639 ornavit.
1215 1571 1337 1637 Deinde

329 1682 468 1767 populus
492 1683 660 1757 Romanus.
684 1681 765 1746 sicut
790 1682 869 1746 inter
891 1694 1060 1765 utrumque
1083 1678 1152 1766 ejus
1175 1677 1336 1744 dominum

331 1796 541 1863 convenerat,
572 1808 656 1854 novo
686 1786 885 1871 imperatori,
916 1786 1005 1852 saivo
1037 1805 1142 1874 [rapae
1169 1781 1277 1852 officio
1306 1797 1339 1848 et

327 1891 410 1978 jure,
434 1912 470 1958 se
491 1891 590 1958 iidem
614 1904 873 1960 conservaturum
899 1913 960 1958 nee
984 1892 1153 1958 Lamberto
1174 1891 1224 1955 vei
1246 1890 1338 1957 matri

332 1996 401 2084 ejus
429 2018 525 2083 opem
551 1997 683 2064 laturum
708 2019 790 2077 esse,
810 1998 1031 2086 jusjurandum
1054 1995 1148 2063 dadin
1179 1995 1275 2061 -Cum
1299 1994 1340 2061 de

332 2102 385 2169 die
415 2102 506 2189 hujus
536 2105 743 2172 solemnitatis
772 2107 946 2191 scriptores
971 2104 1048 2192 nihil
1084 2102 1161 2169 certi
1192 2102 1340 2171 reserant.

331 2209 472 2275 Pertzius
494 2230 567 2275 eum
594 2209 643 2278 18.
657 2212 749 2297 April.
774 2232 875 2278 mens.
899 2211 996 2277 fuisse
1020 2220 1109 2276 reete
1132 2207 1205 2273 mihi
1230 2209 1340 2295 conje-

335 2314 420 2381 cisse
445 2319 472 2394 ¹)
495 2317 627 2390 videtur‚
650 2317 789 2406 ideoque
812 2317 924 2383 urbem
957 2315 1009 2382 die
1034 2314 1085 2382 17.
1109 2320 1180 2400 Apr.
1201 2335 1240 2381 m.
1266 2335 1343 2402 cap.

337 2432 399 2483 tam
432 2431 464 2486 et
494 2420 546 2487 die
578 2423 607 2488 2.
632 2423 700 2509 Maji
730 2445 749 2488 a
781 2443 859 2510 rege
879 2419 1033 2488 'relietum
1064 2441 1139 2487 esse
1167 2419 1342 2487 admodum

336 2525 506 2593 verisimile
537 2540 600 2601 est,
630 2529 655 2594 si
687 2550 760 2595 eum
791 2548 903 2595 mense
926 2529 1007 2614 Majo
1031 2526 1098 2614 jam
1128 2526 1157 2590 in
1181 2528 1342 2594 Bavariam

338 2650 502 2697 reversum
527 2654 601 2699 esse
623 2635 862 2721 perpendimus.
896 2634 1085 2715 Quindecim
1103 2633 1185 2697 enim
1208 2642 1345 2699 tantum-

337 2736 436 2803 modo
460 2738 530 2805 dies
553 2741 672 2806 Romae
697 2754 845 2814 moratus.
879 2741 963 2806 unde
987 2737 1194 2825 complurium
1218 2749 1345 2804 saneta·

338 2865 407 2909 rum
431 2845 558 2912 ossibus
582 2867 692 2913 seeum
717 2845 828 2912 abietis
849 2848 893 2931 ²),
924 2867 1011 2915 cum,
1027 2845 1063 2909 iis
1094 2854 1207 2930 postea
1236 2845 1345 2932 capei-

338 2948 401 3015 iam
425 2952 471 3016 St.
493 2952 604 3019 iacobi
637 2964 669 3019 et
686 2953 849 3020 Panormi
878 2954 1032 3038 Rotingae
1060 2960 1256 3019 contractam
1288 2953 1346 3020 de-

339 3057 438 3133 narie,
469 3056 673 3124 Constantino
703 3070 735 3125 et
766 3059 929 3145 Stephano
958 3069 1095 3145 utroque
1122 3069 1272 3124 senatore
1302 3060 1346 3126 ob

340 3162 609 3248 conspirationem
640 3185 713 3231 cum
739 3165 910 3254 dgeitruda
940 3164 1056 3230 iactam
1086 3162 1265 3228 inexilium
1289 3167 1348 3232 Ba-

342 3267 482 3336 varicum
506 3271 618 3344 missis,
642 3273 801 3339 civitatem
825 3270 961 3338 Faroido
985 3267 1227 3336 custodiendam
1253 3271 1349 3337 tradi·

343 3372 395 3439 dit.
450 3377 542 3453 Quae
571 3376 792 3466 Liudpraudus
811 3380 839 3463 ⁸)
873 3377 935 3443 hoe
971 3376 1043 3441 ioco
1080 3387 1200 3451 narrat,
1236 3398 1347 3466 regem

417 3621 443 3685 t)
480 3625 555 3675 Pertz
579 3626 656 3689 Legg.
683 3624 707 3688 1,
738 3631 788 3678 tot
816 3626 862 3677 cir.
886 3625 994 3677 Beehm.
1020 3638 1046 3687 p.
1069 3629 1126 3676 119.
1173 3619 1203 3677 Si
1220 3625 1352 3679 traditioni

343 3712 484 3762 Otherutae
505 3713 635 3777 (Neugart.
655 3714 672 3774 1,
693 3716 754 3775 tto)
774 3711 825 3773 „lx
845 3714 898 3765 Kal·
916 3714 975 3776 Maji
994 3727 1018 3764 a.
1034 3713 1132 3763 arnulfi
1149 3714 1218 3777 regis
1241 3715 1283 3779 ΙΧ,
1300 3717 1352 3766 im·

345 3801 410 3862 perii
427 3799 470 3848 11⁴⁴
490 3799 568 3850 datae
586 3800 653 3850 fides
671 3802 794 3852 habenda
813 3804 895 3862 esset,
913 3804 976 3864 quin
993 3802 1034 3851 itte
1052 3802 1095 3852 die
1115 3804 1157 3853 18.
1167 3803 1228 3864 npr.
1246 3815 1280 3852 m.
1298 3816 1353 3854 co·

346 3891 457 3937 renatus
476 3892 557 3948 esset,
574 3888 629 3949 jum
649 3889 760 3940 dubitari
780 3891 908 3952 nequiret.

417 3976 443 4037 2)
483 3976 552 4026 Mon.
570 3977 641 4027 Boio.
660 3977 778 4037 xxvtlt,
805 3981 833 4036 1,
865 3980 914 4028 trs
941 3980 989 4039 „in
1010 3977 1113 4027 honore
1137 3979 1165 4027 et
1182 3979 1355 4029 veneratione

345 4064 376 4112 st.
395 4059 485 4114 iacobi
504 4068 590 4125 apost.
611 4067 638 4115 et
656 4068 688 4116 st.
709 4065 838 4116 Pancratii
856 4071 1061 4129 sanctarumque
1079 4064 1154 4128 quast
1171 4065 1280 4116 onoma
1303 4080 1355 4118 un-

347 4150 450 4202 biscum
469 4154 494 4201 iu
513 4154 590 4202 istam
610 4154 721 4214 patriam
744 4152 910 4204 deier·imus“
930 4154 1067 4215 (Boehm.,
1090 4149 1183 4216 1113).
1204 4177 1234 4189 -

421 4240 446 4301 a)
483 4242 577 4304 Autnp.
598 4238 618 4303 1,
639 4245 681 4292 2⁸.
