2796 4958
541 690 622 751 117

79 870 140 941 tur,
164 874 263 950 atque
287 858 483 944 emergentia
508 859 590 924 mala
611 859 909 944 comprimerentur,
934 873 966 926 ut
990 880 1030 927 eo
1052 861 1087 926 li·

76 967 187 1034 berius
210 977 322 1034 saneta
345 964 403 1031 Dei
427 963 565 1030 ecclesia
588 986 646 1031 suo
670 966 824 1051 potiretur
846 965 992 1033 honore.''
1026 967 1087 1058 Sy-

75 1071 183 1139 nodus
199 1073 291 1160 igitur
306 1070 400 1138 totius
420 1069 587 1148 eeclesiae,
611 1071 701 1157 cujus
725 1072 766 1137 ad
791 1094 849 1140 nos
873 1085 1087 1160 pervenerunt

76 1189 150 1244 aeta
172 1179 296 1266 integra
316 1185 360 1258 ¹),
391 1176 434 1243 ibi
457 1179 603 1243 convenit
627 1188 659 1241 et
682 1198 701 1242 a
720 1179 841 1265 jejunio
863 1199 923 1265 per
949 1178 1084 1245 triduum

73 1285 232 1362 instituto,
268 1283 389 1361 litaniis,
423 1280 572 1369 precibus
607 1282 723 1347 initium
759 1286 852 1371 cepit.
907 1284 1003 1363 „Quo
1028 1305 1084 1371 pe·

75 1391 205 1469 raoto”,
240 1390 354 1457 dicitur
382 1388 412 1453 in
441 1389 637 1474 praefatione
666 1390 799 1455 orationi
828 1411 944 1476 prosae
972 1411 1083 1458 versus

76 1495 286 1576 immiscente,
308 1493 388 1582 (rex)
410 1514 569 1580 „pergens
594 1493 635 1559 ad
659 1493 817 1580 palatium,

408 1600 519 1686 regale
541 1599 625 1666 sedit
647 1600 769 1678 solium,

410 1705 535 1772 indutus
557 1718 647 1773 veste
665 1706 931 1792 splendidissima,

407 1833 502 1900 quam
525 1812 622 1878 terruit
645 1813 809 1900 sapientia,

405 1917 545 2004 repletus
568 1929 617 1984 est
640 1918 815 2005 prudentia,

408 2032 535 2090 erectus
559 2035 608 2090 est
630 2026 779 2110 potentia,

407 2151 465 2216 pro
488 2151 547 2196 sua
570 2131 794 2216 magnitudine,

405 2237 538 2323 stipatus
563 2235 767 2312 multitudine,
859 2275 862 2279 ·

72 2347 215 2404 tractans
239 2340 380 2426 practice
403 2339 446 2408 de
469 2348 550 2408 statu
573 2343 663 2430 regni
687 2355 719 2409 et
742 2341 883 2408 theorice
907 2339 949 2404 de
967 2338 1079 2405 ordine

72 2455 106 2510 ot
128 2445 298 2512 stabilitate
321 2447 481 2514 ecclesiae
506 2449 624 2529 Christi,
858 2535 859 2538 Ἴ

297 2554 487 2642 et-qualiter
508 2555 583 2620 boni
608 2556 715 2645 quiete
738 2555 878 2621 viverent

298 2669 329 2723 et
352 2660 436 2727 male
456 2661 551 2727 inulte
573 2683 637 2727 non
660 2674 842 2749 peccarent.

70 2763 195 2829 interim
220 2762 447 2852 episcoporum
470 2789 565 2834 sacer
587 2781 762 2834 conventus
787 2770 816 2833 in
839 2765 970 2832 basilica
985 2781 1079 2847 prae-

71 2869 179 2936 dictae
193 2869 293 2949 villae,
317 2883 390 2958 post
405 2894 593 2940 communes
610 2875 771 2940 orationes
788 2888 820 2940 et
835 2889 951 2961 preces
967 2866 1078 2940 linitas,

294 2977 610 3046 honorificentissime
639 2979 765 3055 infulati,
916 2981 918 2984 ’

295 3085 527 3172 pontificalibus
550 3085 681 3154 sedibus
703 3085 827 3166 suffulti,

295 3192 452 3259 mentibus
476 3195 622 3268 serenati,

295 3298 463 3384 prudentia
490 3301 623 3387 praediti

70 3411 312 3469 sacrosanctum
337 3406 470 3491 ingressi
488 3418 560 3473 sunt
576 3404 733 3496 synodale
750 3400 965 3490 colloquium.”
997 3400 1077 3464 Leo-

70 3507 187 3595 poldus
212 3509 347 3576 llankius
366 3513 393 3599 ²)
423 3511 485 3578 hoc
516 3511 716 3599 prooemium
745 3509 849 3574 animo
882 3505 1076 3592 contempla-

70 3629 131 3694 tus,
154 3615 312 3681 druuliam
336 3628 428 3683 antea
453 3618 493 3684 ab
510 3617 713 3704 optimatibus
738 3615 805 3680 sine
824 3614 898 3680 cleri
917 3633 1078 3680 consensu

71 3741 178 3809 eoque
190 3741 266 3791 ,non
290 3723 434 3790 consulto
453 3724 601 3799 electum,
625 3741 709 3789 nunc
729 3721 858 3788 demum
877 3722 967 3810 quasi
981 3728 1078 3806 pacto

69 3826 213 3916 quodam
244 3826 285 3893 ab
316 3849 357 3894 eo
386 3828 555 3916 probatum
580 3848 654 3895 esse
678 3828 808 3894 censuit.
859 3827 932 3895 >Sed
968 3846 1078 3915 quam-

70 3954 168 4022 quam
191 3934 336 4020 episcopi
361 3935 463 4002 Caroli
484 3936 590 4002 Crassi
613 3935 714 4024 magis
738 3935 885 4015 lautores,
910 3934 940 3999 in
964 3930 1078 3998 nullam

145 4198 172 4256 1)
209 4196 291 4246 Marisi
310 4197 396 4258 xvttt,
415 4210 440 4259 p.
461 4200 510 4246 tet
533 4208 590 4259 sqq.

146 4279 172 4346 Ξ)
209 4283 343 4335 Deutsclre
361 4285 456 4335 Gesolr.
474 4285 509 4334 lm
527 4284 647 4335 Zeitalter
664 4282 690 4357 d
709 4280 848 4332 deformat.
868 4280 887 4346 l,
908 4283 948 4329 tt.
