2796 4958
333 842 437 910 waldo
455 838 737 908 Northumbrorum
761 843 839 928 regi,
863 842 917 930 qui
943 851 1054 907 contra
1077 859 1222 926 paganos
1246 838 1340 904 vitnm

332 949 497 1023 amisisset,
522 945 670 1032 nupsisse
684 947 788 1024 refert,
812 967 884 1013 cum
909 948 1059 1033 princeps
1079 945 1128 1010 ille
1148 945 1213 1031 jum
1233 966 1252 1011 a
1275 944 1342 1008 tto

332 1055 373 1121 ab
396 1053 540 1121 hostibus
563 1052 690 1118 occisus
709 1063 796 1117 esset
817 1053 849 1136 ¹).
886 1055 953 1120 Neo
976 1053 1001 1118 si
1026 1051 1234 1129 Bollandistis,
1257 1051 1343 1114 Meu·

333 1160 417 1248 goldi
448 1159 589 1246 patronis
616 1157 855 1224 studiosissimis
889 1157 952 1226 hoc
986 1158 1116 1232 demus,
1152 1157 1341 1241 scriptorem

333 1266 435 1332 multis
470 1264 587 1331 seculis
622 1268 833 1350 posteriorem
871 1264 1055 1331 Oswaldum
1092 1283 1163 1327 cnm
1200 1261 1341 1328 Osberto

333 1371 516 1438 confudisse
540 1391 593 1436 res
616 1367 682 1434 fide
709 1368 834 1456 dignior
850 1369 944 1436 uobis
961 1369 1125 1447 videbitur,
1148 1369 1254 1434 animo
1275 1367 1342 1432 vol·

332 1475 485 1551 ventibus,
510 1473 683 1540 Osbertum
699 1475 766 1560 jam
790 1497 818 1541 a.
834 1475 900 1542 867
925 1476 1022 1543 multo
1047 1486 1120 1540 aute
1142 1471 1259 1540 Arnulli
1283 1493 1339 1558 gn-

333 1581 552 1647 bernationem
577 1601 596 1645 a
620 1581 716 1644 Dauis
740 1583 961 1670 interemptum
987 1602 1061 1646 esse
1081 1580 1118 1665 ¹).
1161 1578 1340 1646 Admodum

332 1708 462 1776 quoque
487 1682 664 1752 miraudnm
688 1697 752 1764 est,
775 1707 839 1754 uec
860 1684 1073 1774 Reginorum,
1098 1687 1128 1752 in
1152 1687 1242 1773 cujus
1265 1685 1340 1751 vici-

332 1795 383 1860 uia
407 1791 563 1879 llengoldi
586 1793 645 1858 sita
670 1803 760 1857 eraut
783 1793 923 1880 praedia,
949 1814 1021 1858 eum
1045 1813 1184 1880 nsquam
1199 1811 1342 1857 comme-

332 1919 485 1974 morasse,
509 1917 622 1985 noque*
638 1895 734 1962 ullum
760 1897 854 1962 alium
873 1898 992 1964 iontem
1014 1899 1194 1966 contionem
1210 1897 1341 1963 lletten-

330 2026 400 2072 sem
425 2003 466 2071 ab
491 1989 683 2092 imperatore
699 2000 847 2081 habitam,
869 2003 918 2070 vel
938 2005 1174 2092 expeditionem
1193 2003 1339 2070 bellicam

331 2114 362 2178 in
384 2112 548 2198 Spinetum
572 2120 711 2176 castrum
740 2122 925 2199 susceptam
949 2111 1149 2198 cognovisse.
1202 2108 1268 2174 Sed
1293 2109 1339 2174 itis

331 2218 458 2286 omissis
481 2217 647 2283 videamus
666 2217 744 2304 jam,
768 2216 933 2304 quomodo
956 2238 1009 2282 res
1032 2238 1050 2282 a
1074 2215 1243 2303 llcngoldo
1268 2237 1341 2302 per-

330 2334 475 2413 petratae
499 2340 573 2389 oum
596 2321 837 2410 computatione
866 2334 976 2390 nostra
999 2334 1180 2409 temporum
1203 2342 1340 2408 congru-

331 2440 393 2496 ant.
437 2428 580 2495 Amulius
604 2450 738 2516 reguum
763 2425 899 2516 adeptus
922 2427 1014 2508 (ideo
1037 2448 1101 2494 non
1125 2439 1199 2493 ante
1222 2448 1339 2493 annum

330 2536 411 2613 888)
436 2534 525 2599 dedit
547 2556 692 2600 sororem
717 2535 840 2621 Hugoui
865 2533 933 2620 regi
956 2536 985 2599 in
1009 2533 1254 2608 matrimonium,
1286 2533 1341 2622 qui

329 2640 532 2728 Meugoldum
563 2639 658 2705 lilium
690 2651 722 2706 ct
750 2639 902 2706 Adhelem
934 2641 1017 2727 (uon
1037 2649 1114 2706 aute
1138 2662 1166 2705 a.
1188 2639 1285 2726 890)
1301 2661 1342 2706 cx

330 2768 368 2813 ea
402 2746 531 2813 sustulit.
590 2747 682 2824 Quae
713 2747 780 2814 viro
812 2760 933 2813 matura
957 2745 1107 2813 Oswaldo
1136 2745 1203 2832 regi
1233 2746 1341 2832 nupsit

331 2852 378 2939 (a.
404 2872 431 2918 c.
456 2853 557 2938 905),
582 2853 676 2939 eique
700 2852 829 2919 Amulio
850 2864 1004 2940 regnante
1028 2850 1217 2919 Richardum
1241 2851 1340 2917 filium

328 2957 454 3046 peperit
476 2965 519 3036 (a.
543 2956 635 3036 906).
670 2959 787 3023 Postea
811 2957 963 3024 Oswaldo
988 2969 1127 3037 mortno,
1149 2952 1339 3046 Menguldus

329 3080 402 3128 oum
434 3061 591 3128 Richardo
627 3063 657 3127 in
687 3063 852 3129 Franciam
888 3063 931 3128 ad
960 3064 1119 3129 Amulium
1150 3062 1340 3129 avunculum

328 3188 365 3233 se
390 3167 535 3243 contulit,
558 3166 611 3234 ubi
635 3168 685 3233 ille
711 3168 826 3235 diutius
850 3171 879 3234 iu
904 3169 975 3235 aula
999 3181 1155 3247 moratus,
1179 3166 1339 3234 erlelmo

328 3273 445 3340 comite
475 3271 641 3352 defuncto,
673 3273 798 3341 viduam
830 3274 898 3362 ejus
924 3274 1045 3342 Geilam
1067 3298 1150 3341 anno
1175 3295 1237 3341 uno
1263 3287 1339 3362 post

327 3394 462 3446 mortem
487 3381 587 3445 mariti
612 3400 741 3447 uxorem
767 3379 862 3446 duxit.
908 3381 995 3458 Quas
1019 3381 1144 3468 nuptias
1168 3402 1241 3448 mox
1264 3402 1338 3468 gra·

326 3502 383 3550 ves
408 3496 540 3551 secutae
563 3497 635 3552 sunt
655 3487 834 3552 inimicitiae
858 3486 1118 3563 interrtlbricum,
1144 3486 1256 3580 Gellae
1275 3487 1339 3552 lra-

325 3601 406 3655 trem
437 3608 476 3657 ao
499 3590 699 3678 Mengoldum
730 3603 762 3657 et
792 3603 955 3658 certamen
985 3590 1145 3680 singulare
1174 3593 1255 3657 inter
1284 3585 1337 3657 lli-

326 3694 478 3762 chaudum
511 3709 543 3762 et
567 3695 767 3763 liethardum
791 3696 934 3762 Willelmi
962 3709 994 3763 et
1018 3692 1126 3764 Geiiae
1157 3688 1252 3762 filium
1285 3696 1336 3783 (a.

326 3822 352 3868 o.
377 3803 471 3887 828).
525 3803 596 3880 Quo
621 3813 745 3868 mortuo
769 3801 854 3869 bello
879 3803 958 3869 civili
980 3803 1021 3870 ab
1045 3803 1239 3890 imperatore
1264 3802 1337 3890 ipso

324 3904 394 3973 finis
418 3907 546 3974 taudem
571 3908 746 3994 imponitur.
798 3903 876 3973 Cum
899 3909 1037 3997 scriptor
1059 3908 1142 3974 vitae
1166 3907 1337 3996 lleugoldi,

324 4033 420 4101 quern
444 4014 495 4079 hic
519 4014 692 4100 praecipue
716 4012 817 4077 secuti
837 4035 955 4094 sumus
977 4014 1093 4080 nullum
1113 4014 1241 4079 omnino
1261 4034 1337 4101 pro·

397 4250 421 4315 t)
458 4251 633 4316 Luppenberg
651 4253 745 4303 Gesclr.
766 4267 791 4303 v.
808 4253 1039 4317 Englendtttu.
1111 4250 1138 4316 ἱ)
1174 4251 1208 4300 ib.
1227 4263 1254 4312 p.
1271 4253 1336 4301 ³⁰2»
