2796 4958
191 819 322 896 Oriente
357 821 388 886 in
423 818 585 886 radicibus
623 818 737 884 montis
775 816 853 882 illius
888 828 1088 893 currentem.
1123 838 1196 886 cum

191 925 387 1013 Suatopluco
419 925 616 1000 conveniret,
649 945 721 990 euru
752 925 807 1001 „in
839 923 981 989 terminis
1011 924 1197 991 Noricorum

191 1051 230 1098 ac
260 1031 447 1098 Slavorum”
477 1031 668 1120 colloquium
698 1030 848 1097 habuisse
875 1028 1001 1096 tradunt
1026 1028 1067 1115 ¹);
1103 1031 1198 1097 etiam

191 1138 322 1204 Romani
346 1137 388 1202 ibi
410 1138 590 1204 Pannoniae
613 1136 710 1203 finem
734 1136 969 1202 constituerant,
1021 1135 1130 1202 Melius
1155 1137 1199 1204 de

192 1242 330 1309 obscura
353 1243 462 1310 harum
487 1244 652 1331 regionum
676 1241 864 1309 condicione
887 1240 1061 1327 dijudicare
1084 1263 1198 1329 posse·

191 1369 277 1426 mus,
308 1349 365 1416 nisi
389 1354 466 1416 situs
495 1350 640 1417 iocorum
662 1349 693 1413 in
717 1347 833 1414 chartis
857 1357 889 1411 et
911 1345 1119 1434 scriptoribus
1142 1369 1199 1416 oc-

192 1457 382 1521 currentium
418 1455 615 1522 densissimis
650 1475 751 1540 saepe
780 1450 901 1519 offusus
933 1462 1021 1518 esset
1049 1453 1199 1532 tenebris

192 1581 275 1648 quae
298 1582 318 1626 a
341 1582 394 1627 me
416 1583 529 1647 parum
554 1560 699 1647 dissipari
719 1570 897 1647 potuerunt.
1048 1568 1050 1572 '

283 1664 531 1734 Carolomannus
561 1689 588 1734 a.
612 1667 678 1747 877
710 1678 783 1732 ante
814 1659 960 1730 Carnium
989 1661 1117 1729 fratrem
1139 1665 1204 1733 lta·.

191 1769 265 1836 liam
290 1791 531 1861 praeoccupare
555 1785 703 1851 conatus,
737 1772 812 1838 dum
836 1769 994 1836 exercitus
1018 1771 1086 1858 ejus
1110 1771 1197 1858 gravi

193 1875 526 1963 pestilentia'laborat,
557 1881 626 1966 ipse
643 1878 764 1954 morbo
787 1888 899 1963 captus
927 1887 990 1954 est,
1021 1877 1110 1963 cujus
1133 1889 1198 1944 non

193 1993 261 2048 erat
283 1982 470 2064 remedium,
495 1998 527 2052 et
549 1986 663 2052 lectica
686 2005 786 2071 super
807 1993 931 2049 montes
953 1981 1076 2048 dotatus
1094 1984 1123 2048 in
1141 1985 1198 2049 ua-

191 2089 309 2153 vnriam
334 2088 427 2156 rediit
448 2092 482 2176 ²).
534 2093 577 2156 Ex
600 2112 664 2179 quo
687 2087 836 2155 valetudo
861 2088 930 2173 ejus
953 2086 1038 2155 adeo
1062 2100 1131 2154 erat
1152 2089 1198 2154 in·

191 2192 298 2272 firma,
328 2206 362 2260 ut
384 2216 444 2282 per
467 2217 582 2262 annum
611 2198 680 2262 sine
703 2215 762 2282 spe
782 2194 908 2281 jaceret
929 2205 960 2259 et
981 2191 1063 2259 filius
1087 2193 1206 2265 unicus.

195 2310 283 2364 certe
307 2311 405 2375 totam
430 2321 498 2368 rem
523 2301 682 2388 publicam
706 2310 849 2388 gereret,
879 2300 1017 2388 indeque
1041 2320 1078 2366 se
1101 2299 1206 2387 patris

194 2405 359 2491 imperium
384 2426 424 2472 eo
447 2419 571 2474 mortuo
594 2419 801 2494 excepturum
825 2427 908 2484 esse,
932 2408 962 2472 in
986 2426 1079 2493 spem
1098 2404 1200 2470 addu-

195 2521 328 2576 ceretur.
381 2512 495 2580 Habuit
516 2526 623 2580 autem
645 2512 835 2579 Ludowicus
861 2517 894 2579 ur
914 2513 1035 2601 junior,
1061 2513 1199 2577 Franco-

194 2640 262 2683 rum
288 2629 320 2683 et
341 2619 500 2684 Saxonum
532 2641 602 2697 rex,
636 2619 855 2685 Carolomanni
880 2619 991 2698 frater,
1020 2616 1199 2684 secundum

196 2723 379 2791 divisionem
404 2724 525 2811 imperii
550 2746 578 2790 a.
597 2723 663 2790 817
682 2724 893 2792 a-Ludowico
910 2726 965 2791 Pio
987 2723 1112 2799 saetam,
1137 2745 1201 2810 qua

195 2833 425 2917 praescriptum
450 2840 519 2906 est:
551 2882 567 2909 ,‚
577 2831 609 2896 Si
633 2851 710 2896 vero
734 2830 857 2918 absque
886 2831 1031 2918 legitimis
1054 2828 1124 2893 filiis
1146 2826 1201 2892 ali·

197 2937 266 3022 quis
290 2957 400 3001 eorum
422 2933 557 3022 (regum)
582 2934 772 3012 decesserit,
803 2947 947 3023 potestas
975 2936 1054 3001 illius
1083 2934 1124 3000 ad
1148 2952 1201 2998 se·

197 3041 318 3106 niorem
342 3040 469 3106 fratrem
493 3042 683 3106 revertatur’'
704 3042 749 3126 ⁸),
780 3054 853 3129 post
883 3043 963 3108 illius
993 3051 1127 3108 mortem
1146 3039 1200 3125 jus

196 3148 226 3212 in
250 3168 383 3234 regnum
408 3148 590 3213 Bavaricum
615 3146 825 3226 succedendi,
858 3149 998 3237 ideoque
1027 3167 1110 3213 anno
1133 3143 1201 3211 879

196 3253 332 3332 ineunte,
358 3272 429 3318 cum
448 3253 861 3344 Caroiomaunus.paralysi
880 3262 984 3320 tactus
1007 3253 1092 3339 loqui
1116 3248 1201 3316 haud

196 3359 329 3446 amplius
362 3372 490 3446 posset,
524 3362 554 3427 in
590 3361 750 3426 Bavariam
785 3359 963 3447 profectus,
998 3357 1066 3443 ejus
1096 3368 1203 3422 terrae

271 3533 295 3604 1)
333 3541 399 3589 dnn.
416 3541 487 3589 Futd.
504 3541 568 3590 Pars
587 3541 631 3602 IV,
650 3554 673 3589 a.
693 3543 753 3589 881.
782 3537 841 3590 Non
860 3543 962 3604 ignoro,
982 3538 1121 3588 nonnullos
1139 3536 1203 3586 Lei-

196 3629 268 3678 tham
291 3627 399 3677 fluvium
424 3641 529 3678 marcae
553 3629 686 3686 orientatis
713 3629 853 3678 terminum
877 3628 959 3678 fuisse
984 3628 1105 3689 opinatos
1132 3638 1201 3686 esse,

195 3715 367 3766 Medeticham
392 3716 417 3764 in
437 3715 526 3765 charta
546 3731 568 3765 a.
589 3720 638 3766 892
665 3719 899 3766 commemoratam
919 3714 1112 3778 (Kleinmayru,
1136 3709 1203 3774 117)

196 3802 317 3868 Mddttng,
338 3803 431 3853 urbem
450 3807 538 3853 autem
557 3803 590 3854 ab
608 3804 735 3854 Haimone
749 3801 850 3854 Arnutfi
868 3804 1025 3854 ministeriali
1044 3816 1066 3851 a.
1080 3805 1131 3851 888
1151 3814 1202 3850 ex-

197 3896 325 3943 structam
345 3891 391 3952 (ib.
410 3887 474 3954 118)
492 3890 642 3955 Heimburg‚
661 3894 802 3953 utramque
820 3892 889 3940 inter
905 3891 1022 3940 Leitham
1041 3892 1068 3939 et
1085 3891 1203 3938 montem

198 3982 299 4031 Cetium
318 3982 408 4041 sitam,
436 3991 514 4040 esse,
543 3981 632 4039 ratos;
661 3979 710 4029 sed
728 3980 755 4028 et
782 3978 848 4029 haec
873 3978 1026 4039 conjectura
1049 3979 1203 4042 argumento

198 4073 282 4131 caret,
299 4072 326 4120 et
343 4065 488 4120 Medeltcha
506 4066 604 4116 eodem
622 4066 682 4128 jure
699 4078 750 4129 pro
769 4066 838 4115 Motu
856 4066 947 4116 haberi
966 4069 1062 4128 potest.

270 4157 296 4217 2)
331 4154 461 4207 Erohanh.
480 4155 578 4206 contin.
595 4155 611 4204 l.
632 4155 661 4214 1.,
685 4155 750 4203 Ann.
768 4153 839 4204 Fuld.
859 4159 919 4216 877,
937 4156 1038 4207 Hinom.
1058 4156 1118 4202 877.

273 4243 298 4300 et
334 4244 409 4294 Pertz
426 4244 509 4308 Leges
530 4244 548 4304 1,
567 4257 594 4306 p.
614 4246 673 4292 2⁰⁰.
