2796 4958
669 655 744 720 162

205 833 266 899 tius
290 835 409 917 ageret,
443 834 577 911 repente
611 825 653 894 ab
676 827 819 895 hostibus
851 825 903 894 die
926 826 977 895 at.
999 827 1085 915 Sept
1117 851 1157 896 m.
1185 835 1212 908 ¹)

204 955 380 1026 oppressus
409 942 472 1008 est,
509 933 562 1018 qui
598 935 767 1001 maximam
799 934 1039 1000 christianorum
1068 945 1211 1022 stragem

205 1043 381 1110 ediderunt.
438 1038 560 1105 Deinde
591 1039 728 1106 victores
761 1062 863 1128 usque
894 1041 936 1108 ad
964 1041 1126 1109 abbatiam
1148 1043 1212 1107 No-

203 1148 363 1217 nantulam
381 1145 424 1231 ²),
452 1165 535 1233 quae
558 1143 600 1209 ab
623 1144 660 1225 iis
684 1158 889 1215 concremata
913 1158 977 1227 est,
1002 1147 1212 1236 progredien-

204 1271 262 1334 tes,
286 1254 415 1340 impune
438 1249 583 1337 praedati
605 1262 685 1317 sunt.
727 1255 815 1319 Anno
840 1252 969 1321 demum
993 1256 1058 1320 900
1083 1255 1212 1320 ineunte

205 1359 326 1427 reversi
352 1377 426 1423 esse
455 1356 615 1435 videntur,
645 1370 841 1445 quapropter
863 1365 1052 1448 scriptorem
1075 1359 1213 1426 Fulden-

204 1488 273 1533 sem
293 1465 320 1551 ³)
350 1463 493 1550 aliosque
523 1462 605 1529 banc
636 1462 870 1550 expeditionem
903 1464 946 1533 ad
979 1465 1063 1531 hunc
1093 1486 1211 1531 annnm

204 1571 353 1639 retulisse
377 1569 500 1656 opinor.
538 1567 605 1634 Sed
625 1569 692 1656 jam
715 1580 842 1656 tempus
865 1568 990 1648 aderat,
1014 1592 1078 1658 quo
1102 1572 1213 1638 bavari

204 1690 316 1746 contra
336 1676 482 1742 Moravos
506 1673 547 1739 ad
569 1686 707 1740 mutuam
731 1675 905 1761 perniciem
930 1674 1134 1756 dimicantes,
1167 1679 1212 1744 in·

202 1805 301 1850 sanae
328 1781 506 1848 inimicitiae
536 1799 610 1846 sero
646 1780 873 1866 poenitentiam
903 1793 1045 1869 agerent
1095 1783 1210 1869 Ungari

202 1890 295 1966 enim,
319 1887 433 1976 quibus
455 1898 529 1951 ante
552 1885 609 1950 iter
624 1886 764 1953 Italicum
783 1885 892 1954 Ravari
915 1887 997 1954 linea
1020 1890 1210 1976 vestimenta

202 1995 287 2063 dono
313 1991 470 2060 dederant
492 1991 536 2075 ⁴),
559 2002 734 2079 „quatenns
759 2013 869 2061 eorum
893 1992 1082 2081 aliquotiens
1105 1995 1211 2063 ferita-

191 2113 265 2168 tem
289 2098 489 2175 mulcereut”,
512 2117 540 2162 a.
558 2098 623 2163 900
647 2096 758 2184 legatis
775 2098 961 2185 speculandi
976 2102 1078 2189 gratia
1094 2122 1209 2189 pacem

132 2287 137 2295 .
200 2205 370 2273 ineundam
387 2202 645 2292 praetexentibus
660 2205 844 2290 praemissis
864 2211 903 2285 ⁸),
926 2207 1054 2273 dnisum
1072 2205 1207 2287 lluvium,

201 2314 253 2402 qui
277 2309 412 2399 sejungit
434 2309 596 2375 Bavariam
620 2311 818 2396 transgressi,
843 2323 939 2378 totam
960 2316 1129 2401 regionem
1153 2314 1208 2382 ad·

196 2419 357 2505 jacentem
381 2415 466 2481 ferro
490 2424 522 2478 et
550 2413 612 2500 igni
635 2424 837 2483 vastaverunt
860 2429 900 2497 et,
924 2419 1109 2508 priusquam
1134 2443 1207 2489 nos·

199 2532 297 2588 trates
321 2542 378 2586 eos
401 2519 540 2586 assecuti
565 2530 689 2598 essent,
721 2541 792 2587 cum
817 2524 939 2611 praeda
962 2527 1102 2612 regressi
1126 2541 1204 2594 sunt.

197 2631 283 2694 Tunc
306 2626 498 2692 Pannoniam
522 2623 703 2690 inferiorem
727 2625 768 2692 ab
797 2627 847 2706 iis,
876 2630 929 2717 qui
959 2630 1033 2696 inde
1057 2631 1099 2699 ab
1123 2655 1205 2701 anno

197 2734 264 2802 895
301 2733 382 2798 inter
405 2729 581 2797 Danubium
617 2742 650 2796 et
672 2732 786 2799 Tisium
823 2732 922 2800 sedes
957 2736 1202 2819 collocaverant,

199 2851 388 2927 occupatam
413 2857 503 2913 esse,
536 2856 576 2901 ex
599 2836 763 2904 annalibus
786 2837 996 2907 Fuldensibus
1015 2841 1043 2928 ⁸)
1067 2842 1204 2914 dilucide

198 2955 346 3034 apparet,
377 2943 431 3031 qui
455 2962 528 3008 cnm
551 2951 646 3008 antea
675 2964 733 3010 eos
757 2964 797 3011 ex
819 2944 905 3012 ltalia
928 2946 1102 3017 redeuutes
1128 2954 1203 3018 Pan-

198 3053 324 3119 noniam
362 3069 425 3126 „er
461 3047 596 3112 maxima
624 3050 739 3135 parte'’
771 3048 958 3118 devastasse
991 3054 1203 3136 tradidissent,

192 3160 259 3246 jam
285 3177 325 3223 ex
348 3151 478 3221 savaria
501 3151 561 3234 „ad
584 3173 642 3220 sua
665 3154 696 3219 in
718 3154 933 3223 Pannoniam”
956 3177 1105 3230 reversos
1130 3183 1202 3232 esse

266 3444 291 3502 t)
332 3441 429 3492 Chrou.
448 3442 618 3492 Nonuntulau.
634 3453 673 3503 ap.
690 3440 844 3494 Tirabuschi
861 3445 1049 3512 Nonuntulall‚
1069 3453 1094 3499 s.
1118 3451 1200 3512 „vut

194 3533 246 3581 Kal.
270 3531 327 3582 Oct.
351 3529 512 3590 juncxerunt
535 3542 565 3579 se
591 3528 724 3578 christiani
748 3543 810 3581 cum
834 3534 872 3584 eis
896 3536 922 3583 in
949 3534 1018 3585 bello
1042 3537 1077 3587 ad
1102 3538 1201 3590 flumen

192 3622 303 3678 Brenta,
333 3616 377 3666 ubi
401 3617 481 3664 multa
507 3616 575 3665 milia
598 3618 800 3669 christianorum
825 3621 962 3674 interiecta
986 3627 1049 3674 sunt
1067 3625 1102 3676 ab
1120 3628 1152 3676 iis
1173 3630 1199 3677 et

193 3711 257 3760 alios
276 3704 452 3770 fugaverunt”
469 3706 519 3754 etc.

262 3789 289 3857 s)
326 3791 373 3842 cir.
390 3791 488 3840 litteras
513 3791 595 3854 Sergii
617 3792 649 3840 lll
673 3806 759 3857 papae
780 3795 919 3859 leopardo
945 3797 1034 3849 abbati
1055 3799 1199 3852 Nonuntu-

127 3936 129 3940 ,
191 3887 249 3934 lanu
274 3881 414 3941 inscriptas
436 3891 476 3941 ap.
496 3879 726 3944 Murat.Anttq.1‚
747 3885 790 3933 23.

262 3963 287 4034 a)
327 3966 393 4018 dnn.
412 3965 490 4025 l'utd,
504 3970 564 4015 900.
586 3967 729 4030 Koeplrium
747 3968 798 4033 (de
810 3971 881 4022 liud.
900 3986 924 4034 p.
940 3971 989 4036 88)
1007 3973 1111 4024 cladem
1130 3977 1197 4026 illam

189 4072 204 4108 a
226 4057 383 4120 Berengarto
398 4067 432 4123 a.
455 4057 505 4104 900
530 4058 668 4117 acceptam
688 4069 763 4119 esse,
792 4061 944 4122 opinantem
962 4061 1055 4113 chron.
1073 4063 1197 4116 cavense

186 4145 359 4197 adulterinum
379 4140 473 4190 leiellit.
549 4138 573 4203 t)
612 4143 660 4205 Ep.
679 4141 829 4198 Theotmari
848 4149 893 4198 1,),

258 4227 282 4294 5)
320 4227 555 4278 Αηη.Ὲυ1ἀ.900.
644 4226 669 4294 o)
706 4231 767 4283 ibid.
