2796 4958
531 637 606 703 lm

67 807 304 898 liudprandus,
326 809 379 898 qui
403 809 568 897 sexaginta
590 809 679 876 annis
702 814 776 897 po'st
797 810 932 899 scripsit,
963 810 1071 877 Amul-

67 917 132 983 lum
150 917 338 997 criminatur,
357 938 430 984 eum
447 917 548 983 uirtuti
565 937 644 983 suae
662 929 776 983 cuncta
791 917 990 996 tribuentem,
1006 941 1069 988 non

68 1022 210 1089 debiturn
226 1025 432 1113 omnipotenti
449 1027 517 1090 Deo
539 1023 692 1089 bonorem
712 1023 902 1103 reddidisse,
925 1028 983 1092 sed
998 1027 1070 1093 huic

68 1132 191 1198 auctori
214 1153 325 1220 parurn
349 1130 497 1217 locupleti
529 1129 560 1195 in
590 1130 651 1195 bac
674 1151 709 1196 re
733 1131 815 1197 nnita
839 1129 922 1198 fides
945 1145 995 1200 est
1015 1133 1071 1200 ha-

67 1234 187 1303 benda.
226 1239 269 1304 Ex
291 1235 493 1304 familiaribus
517 1237 820 1325 regis'consiliariis,
843 1259 924 1325 quos
948 1239 1072 1326 pleros*

68 1363 132 1431 que
155 1342 290 1411 clericos
312 1344 419 1421 luisse,
443 1344 571 1410 chartae
594 1341 828 1420 demonstrant,
850 1344 1071 1412 Theotmarunn

69 1449 398 1529 archicancellarium,
427 1453 603 1537 Aspertum
626 1447 857 1534 Engelmarum,
880 1450 1071 1538 llicbingum

67 1551 312 1643 Adalperonem
335 1560 513 1632 Hattonem,
540 1554 745 1621 Salomonem
769 1575 864 1642 snpra
883 1555 949 1642 jam
972 1560 1072 1622 nomi-

67 1662 228 1741 navimus;
259 1664 296 1729 iis
317 1665 411 1729 etiarn
435 1659 672 1728 Ercbanboldus
694 1661 867 1748 episcopus
889 1662 1073 1732 Eicbstaed-

69 1768 169 1833 tensis
195 1772 220 1854 ¹)
243 1768 441 1858 adjiciendus
473 1779 523 1835 est
551 1767 840 1855 „prudentissimus
869 1789 908 1834 ae
931 1773 1074 1859 sagacis·

70 1873 170 1940 simus
206 1876 236 1939 in
271 1875 419 1943 omnibus
447 1875 605 1962 negotiis”
629 1874 670 1955 ²),
704 1872 765 1940 sub
798 1875 888 1961 cujus
920 1878 1074 1965 regimine

70 1979 224 2068 reliquiae
236 1981 279 2048 St.
292 1981 470 2069 Walpurgis
484 1979 675 2046 llicbstadtio
695 1980 724 2044 iu
738 1983 964 2047 monasterium
985 1986 1074 2070 puel-

70 2083 172 2153 larum
198 2087 370 2167 Monbeim,
407 2085 448 2153 ab
483 2085 646 2152 abbatissa
678 2084 794 2151 liubila
825 2086 1074 2158 administratum

71 2194 243 2260 translatae
266 2206 346 2260 sunt
389 2195 533 2260 Attamen
564 2190 715 2257 nobilium
739 2213 868 2281 quoque
892 2196 1074 2282 complures

72 2299 203 2384 saepius
219 2298 260 2366 ab
279 2300 403 2365 Arnullo
421 2299 449 2364 in
469 2298 634 2364 consilium
653 2296 810 2363 adhibitos
830 2321 913 2379 esse,
929 2304 1075 2391 exempla

73 2403 194 2473 docent
222 2417 253 2471 et
283 2405 411 2472 fratrum
436 2404 688 2471 Conradinorum
719 2415 753 2469 et
774 2405 928 2472 liutboldi
960 2407 1000 2474 ab
1025 2410 1076 2479 illo

74 2530 93 2577 a
117 2510 258 2578 tenebris
279 2512 311 2577 in
332 2511 437 2578 lucem
462 2511 573 2579 vocati.
621 2512 720 2576 Etiam
743 2512 928 2599 Sigillardns
951 2527 983 2581 et
1006 2517 1077 2605 ipse

74 2617 160 2704 regis
184 2618 439 2705 consanguineus
457 2617 494 2704 ⁸).
516 2636 626 2684 comes
650 2619 723 2704 pagi
747 2616 949 2706 Chiemgowe
971 2622 1007 2709 ⁴),
1032 2625 1078 2690 vir

72 2725 426 2810 „praepotentissimus
449 2743 568 2811 genera
588 2723 780 2810 spectabilis,
810 2747 1000 2814 morumque
1022 2729 1076 2795 bo·

73 2839 199 2895 uestate
220 2831 405 2916 praeclarus
429 2840 462 2894 et
483 2828 609 2895 nomine
634 2829 706 2894 nulli
728 2829 757 2893 iu
781 2841 853 2895 actu
877 2832 999 2899 militari
1027 2855 1079 2901 se—

77 2934 225 3002 cundus“
245 2936 280 3022 ⁵),
316 2936 369 3024 qui
407 2935 563 3001 civitatem
597 2932 892 3022 llbersbergensem
928 2939 1079 3020 condidit,

76 3062 225 3129 magnam
249 3042 291 3109 ab
314 3042 521 3129 imperatore,
549 3040 604 3128 qui
632 3040 729 3108 multa
759 3042 805 3108 eis
829 3041 914 3110 bona
943 3044 1079 3128 donavit,

152 3345 176 3405 r)
213 3340 283 3397 Mon.
301 3345 370 3395 Botc.
391 3341 479 3410 xxxl,
500 3349 559 3406 raa,
583 3349 643 3407 rao,
665 3347 723 3409 tir,
743 3343 858 3409 xxvlu,
882 3351 941 3399 roa.

150 3430 177 3498 2)
213 3434 270 3484 Vita
289 3436 325 3486 st.
342 3435 492 3499 walpurgis
511 3433 527 3483 l.
547 3435 562 3484 l.
577 3446 605 3495 p.
625 3436 685 3495 525,
703 3436 835 3499 Anonym.
853 3435 1012 3488 Haserensls
1030 3440 1080 3488 c.8

77 3520 169 3585 (Pertz
187 3524 231 3572 SS.
249 3523 301 3584 vn,
322 3521 397 3586 256).

153 3611 179 3672 t)
217 3612 373 3663 Monssoic.
393 3610 572 3671 xxvt11,111
593 3609 720 3671 „cuidam
739 3610 835 3661 dilecto
857 3610 944 3661 comiti
969 3614 996 3660 et
1018 3624 1082 3674 pro-

78 3700 180 3763 pinquo
207 3705 299 3750 nostro
324 3701 430 3750 nomine
449 3693 607 3762 sigihardo“
632 3694 789 3758 (boehmem
817 3693 911 3762 ltea);
933 3697 966 3747 lb.
985 3711 1010 3759 p.
1032 3701 1083 3748 tto

80 3787 208 3849 „cuidam
231 3788 325 3838 dilecto
344 3790 431 3839 comiti
451 3792 478 3842 et
495 3786 563 3836 fideii
581 3785 732 3849 propinquo
750 3788 843 3836 nostro
862 3787 905 3837 cui
923 3797 1022 3835 nomen
1040 3786 1085 3836 Si-

79 3871 195 3938 giharl.“
213 3874 357 3936 (Boebmer
377 3874 468 3939 1136).
490 3897 519 3910 -

154 3957 179 4022 t)
218 3963 287 4014 Mon.
306 3965 375 4014 Boic.
388 3963 497 4024 Xllvlll‚
519 3966 569 4014 tau
589 3963 638 4026 „iu
656 3974 726 4025 pago
746 3961 941 4026 Chiemihgowa
959 3962 985 4012 iu
1002 3962 1085 4014 eomi-

78 4052 135 4100 talu
155 4047 315 4115 Slglbardi“.
822 4105 825 4111 ,

153 4140 179 4200 t)
217 4137 349 4204 Anonymi
375 4140 598 4203 Eberspargensis
630 4137 728 4187 chron.
752 4135 863 4197 Ebersp.
890 4138 1020 4202 antiquius
1044 4151 1087 4200 ap.

81 4225 170 4277 Oelcle
190 4227 234 4276 SS.
252 4242 340 4278 rerum
359 4230 459 4279 Boicar.
478 4227 508 4288 ll,
530 4230 551 4277 l.
