2796 4958
86 843 191 921 gustat
215 844 247 899 et
271 833 436 920 opprimit,
467 833 554 922 quod
586 842 704 922 quanto
728 831 874 912 vicinius,
903 843 991 900 tanto
1020 857 1092 924 gra-

85 943 161 1008 vius.
189 979 228 993 -
255 941 339 1006 Ecce
363 939 445 1005 euim
470 960 489 1005 e
511 940 610 1005 latere
633 937 726 1005 turba
750 950 912 1026 raptorum
937 952 968 1006 et
991 943 1093 1008 sclris-

85 1049 274 1115 matieorum
297 1045 408 1116 saevit.
429 1046 482 1134 qui
506 1066 667 1133 pauperes
690 1057 722 1111 et
745 1043 879 1110 humiles
897 1044 1009 1112 Christi
1033 1070 1091 1136 op-

85 1155 223 1240 primunt
246 1164 278 1219 et
300 1152 486 1226 interimunt.
509 1170 615 1239 neque
637 1152 694 1216 Dei
717 1161 902 1238 respectum
926 1151 1090 1229 habentes,

86 1279 147 1327 nec
171 1260 263 1325 ullam
288 1257 422 1324 hominis
445 1277 617 1346 personam
644 1268 803 1323 verentes.
849 1257 895 1322 Ab
926 1257 973 1323 lris
1002 1283 1092 1325 nam-

85 1385 156 1452 que,
181 1365 206 1430 si
230 1364 364 1431 deesset
385 1384 582 1452 paganorum
606 1363 747 1439 saevitia,
772 1361 972 1449 redigeretur
990 1364 1019 1429 in
1038 1388 1092 1433 so·

84 1471 246 1537 titudinem
269 1483 371 1537 terra:
396 1469 469 1556 quia
491 1486 553 1532 nec
577 1467 676 1544 sexui,
701 1486 762 1533 uec
781 1467 878 1533 aetati
894 1480 1000 1554 neque
1013 1491 1093 1555 pau-

84 1576 198 1663 pertati
227 1595 362 1663 parcere
393 1574 511 1650 sciunt,
542 1570 602 1637 sed
627 1591 756 1651 omneS,
787 1592 869 1659 quos
892 1587 1027 1658 possunt
1049 1613 1092 1624 -

86 1680 267 1767 despoliant
290 1693 321 1747 et
344 1679 491 1748 cmdeles
516 1715 556 1729 -
582 1688 635 1743 ant
658 1677 732 1765 igne
748 1677 921 1773 autgladio
935 1689 989 1744 aut
1012 1703 1092 1769 quo-

86 1807 212 1874 cunque
236 1787 346 1853 mortis
370 1805 491 1872 genere
514 1783 703 1861 interimunt,
733 1783 862 1871 hocque
885 1784 960 1849 nihil
981 1797 1093 1872 putant

85 1903 117 1957 et
139 1892 403 1979 parvipendunt“.
448 1890 545 1956 Simili
570 1889 667 1956 modo
690 1889 859 1956 concilium
883 1912 1012 1980 quoque
1029 1894 1091 1960 Co-

82 1998 187 2063 loniae
212 1998 405 2086 Agrippinae
428 1996 493 2064 Kal.
517 1997 592 2082 ltpr.
622 2016 651 2061 a.
675 1994 741 2060 887
772 1992 912 2060 habitum
934 1995 960 2081 ¹)
989 1997 1031 2064 de
1054 1999 1091 2066 iis

85 2104 263 2170 hominibus
287 2105 499 2192 conqueritur,
529 2102 606 2189 „qui
635 2120 741 2187 neque
765 2103 866 2165 Deum
892 2121 970 2186 prae
993 2105 1093 2170 oculis

85 2209 213 2287 habent,
237 2229 344 2296 neque
368 2209 458 2273 ullius
481 2219 630 2272 verentur
653 2224 832 2280 occursum,
855 2226 960 2294 neque
989 2209 1093 2277 divina

15 2380 16 2383 ,
84 2306 264 2380 humanave
288 2313 361 2399 lege
386 2312 512 2379 amalo
536 2321 735 2389 coercentur,
758 2311 818 2377 sed
844 2312 886 2377 ad
907 2311 1002 2379 omne
1027 2338 1093 2384 ma-

84 2421 148 2487 lum
176 2420 371 2509 praecipites
395 2418 574 2496 seruntur“;
599 2417 692 2482 etiam
711 2418 855 2508 synodus
874 2419 1034 2486 Mettensis
1056 2424 1091 2508 ²),

86 2547 168 2616 quae
193 2524 300 2616 primis
318 2523 433 2589 Arnulfi
456 2523 545 2589 annis
570 2537 766 2610 congregata
790 2535 848 2604 est,
872 2509 1091 2596 necessarium

86 2653 160 2697 esse
184 2631 340 2718 cognovit,
372 2640 406 2696 ut
428 2640 621 2696 statueretur
651 2628 728 2707 „lex
751 2631 822 2709 Dei,
853 2628 915 2720 qua
940 2633 1094 2703 erudelis·

86 2737 154 2802 simi
187 2748 317 2803 nostrae
346 2737 449 2823 gentis
481 2736 626 2802 homines
657 2756 676 2800 a
708 2737 883 2802 vastatione
916 2759 1094 2826 pauperum

87 2841 344 2928 repellerentur“.
392 2841 531 2906 Dubitari
544 2852 650 2906 autem
670 2843 786 2929 nequit,
811 2843 884 2929 quin
898 2842 1026 2912 alterius
1038 2846 1096 2914 ho-

87 2959 157 3013 rum
179 2958 359 3033 temporum
376 2948 489 3012 summi
510 2947 589 3024 mali,
613 2947 704 3012 lamis
716 2948 905 3033 saepissime
921 2949 1093 3033 redeuntis,

86 3063 217 3140 praeter
239 3052 396 3139 prodigia,
420 3072 504 3140 quae
527 3052 677 3139 produxit
698 3064 817 3130 natura,
850 3066 955 3121 motus
979 3068 1094 3140 terrae,

87 3160 308 3226 inundationes
332 3158 392 3223 alia
412 3161 452 3236 ⁸),
483 3157 629 3224 homines
654 3158 692 3223 illi
720 3160 867 3225 scelerati
891 3181 988 3248 agros
1019 3165 1097 3232 inle-

87 3278 154 3332 stos
185 3264 359 3331 reddentes
391 3264 567 3351 praecipue
594 3285 724 3331 causam
754 3265 972 3344 sustinuerint;
1007 3271 1095 3356 quod

87 3371 213 3437 concilii
236 3369 409 3456 Troslcjaui
433 3370 614 3455 testimonio
634 3376 665 3449 ⁴)
686 3371 860 3437 admodum
883 3370 1095 3441 confirmatur.

85 3475 131 3540 lbi
155 3475 237 3541 enim
270 3474 312 3540 de
336 3475 409 3540 viris
432 3476 522 3541 simili
543 3477 734 3543 condicione
763 3475 828 3540 usis
851 3479 1017 3563 sequentia
1048 3479 1095 3546 di·

89 3594 219 3648 cuntur:
242 3583 333 3658 „Nec
356 3580 562 3647 considerant
586 3583 692 3647 miseri
710 3591 742 3647 et
754 3581 924 3647 miserandi
941 3582 1095 3668 homines,

88 3697 165 3776 quot
197 3686 291 3752 millia
320 3686 482 3753 hominum
513 3686 727 3753 innocentium
757 3687 914 3774 perimant
945 3692 1096 3778 quotidie,

161 3879 186 3947 l)
223 3897 266 3946 ap.
285 3883 377 3944 Mansi,
398 3884 476 3933 XVlll
494 3897 521 3946 p.
543 3886 574 3934 lt
595 3898 652 3950 sqq.

160 3965 186 4035 Ξ)
223 3971 306 4022 Mansi
324 3972 402 4021 livill
422 3985 447 4034 p.
469 3975 500 4020 rt
521 3985 578 4036 sqq.

162 4053 187 4123 e)
224 4059 322 4109 Concil.
340 4059 411 4109 Meti.
428 4071 486 4108 can.
507 4060 527 4107 ll
550 4062 669 4122 peccatis
694 4061 858 4124 exigentibus
883 4063 1013 4114 clauditur
1032 4079 1096 4116 coe·

88 4147 151 4208 lum,
172 4149 198 4196 et
217 4146 245 4196 fit
264 4147 363 4196 nostris
383 4145 478 4195 diebus
498 4149 654 4210 saepissime
673 4148 765 4199 tames.
785 4175 817 4186 —

161 4229 187 4296 l)
206 4247 264 4284 ean.
283 4236 326 4284 vlt
345 4246 388 4298 ap.
407 4235 490 4285 Mansi
509 4234 589 4286 xvttt
607 4248 634 4299 p.
650 4239 710 4286 28³.

874 4320 894 4385 3
