2796 4958
577 538 581 546 a

188 787 255 852 Neo
285 783 381 849 multo
411 790 500 867 post,
529 780 758 848 cumCarolus
789 802 901 850 mense
924 783 1016 849 lunio
1036 783 1061 868 ¹)
1083 780 1208 849 Kinoli-

188 888 293 957 heimii
317 886 489 964 resideret,
513 886 699 964 Alamanni,
730 887 783 975 qui
807 888 984 955 liutwardo
1004 887 1205 974 jamdudum

189 996 257 1062 irati
289 1003 393 1071 erant,
412 996 453 1058 >iu
483 1014 558 1059 aum
588 993 808 1078 conspirantes
839 1004 941 1059 tantas
972 993 1208 1059 accusationes

191 1099 381 1173 conflarunt,
410 1110 445 1163 ut
474 1120 533 1166 rex
559 1099 642 1164 hunc
666 1098 789 1174 „virum
812 1098 872 1167 sibi
896 1098 1086 1184 percharum
1112 1109 1150 1162 et
1171 1099 1209 1163 in

191 1202 446 1272 administrandis
463 1204 598 1292 publicis
621 1203 803 1271 utilitatibus
819 1205 946 1270 unicum
967 1202 1210 1271 consiliarium“

191 1309 295 1377 multis
317 1307 473 1376 benificiis
496 1309 628 1396 (heheu)
651 1311 822 1396 privatum,
855 1329 946 1387 „cum
970 1309 1158 1375 dedecore“
1186 1328 1208 1374 e

193 1415 309 1501 palatio
333 1415 474 1502 ejiceret.
520 1416 661 1495 Quorum
686 1417 851 1483 criminum
878 1416 974 1481 multa
996 1413 1072 1482 ficta
1094 1412 1212 1490 luisse,

191 1521 382 1608 praesertim
404 1521 594 1590 adulterium¹
615 1541 687 1588 cum
711 1521 913 1609 imperatrice
947 1520 1080 1597 lactum,
1111 1520 1211 1606 cujus

192 1647 212 1692 a
241 1625 404 1711 [taginone
426 1627 451 1712 ²)
481 1629 556 1694 solo.
582 1628 736 1712 arguitur,
774 1637 806 1694 et
836 1626 1031 1704 ‚‚haeresin⁴‘
1062 1624 1105 1690 de
1139 1646 1211 1716 qua

176 1725 222 1797 ¹ei
245 1741 357 1799 auctor
367 1731 403 1800 IV
426 1733 524 1818 partis
543 1731 700 1799 annalium
719 1732 921 1800 Fuldensium
941 1730 1055 1797 summi
1076 1729 1105 1794 in
1126 1750 1209 1796 eum

192 1835 255 1904 cdii
279 1837 392 1923 plenus
416 1849 536 1908 tautum
566 1837 690 1926 objicit,
719 1839 919 1907 manifestum
951 1847 1013 1915 est¹
1045 1833 1209 1901 aviditatis

191 1957 304 2011 tamen
330 1944 487 2029 pecuniae
516 1965 592 2011 eum
621 1967 685 2013 uon
714 1944 870 2011 immerito
901 1952 1086 2008 accusatum
1117 1959 1209 2018 esse.

194 2067 233 2128 ep,
262 2069 302 2114 eo
333 2051 424 2140 sequi
447 2049 585 2124 videtur.
615 2050 702 2139 quod
732 2071 816 2117 anno
841 2050 906 2113 899
938 2048 1033 2133 fugae
1062 2065 1099 2110 se
1121 2044 1210 2113 daus

193 2174 267 2223 cum
289 2154 608 2243 ..incomparabilibus
628 2139 802 2221 thesauris¹‘
825 2157 853 2221 in
875 2155 1072 2240 Ungarorum
1090 2173 1209 2218 manus

193 2260 304 2327 incidit
320 2262 363 2344 ⁸):
388 2261 535 2327 Carolum
559 2282 635 2330 vero
660 2259 758 2326 modo
782 2260 919 2327 lactione
939 2259 987 2325 illa
1005 2257 1212 2325 Allamanno·

194 2386 263 2437 rum
289 2378 507 2451 oppugnatum
530 2366 713 2435 familiarem
737 2387 846 2443 suum,
868 2365 920 2451 qui
950 2363 1012 2428 huc
1037 2381 1138 2447 usque
1166 2361 1210 2428 ad

196 2468 412 2554 gubernacula
425 2471 631 2559 reipublicae
654 2469 724 2556 ipse
743 2469 881 2547 sederat,
906 2468 1073 2543 dimisisse,
1096 2466 1212 2534 charta

197 2575 351 2662 quadam,
374 2587 408 2643 ut
432 2577 559 2663 Gagern
579 2576 605 2660 ⁴)
629 2587 718 2641 recte
744 2576 892 2663 cognovit
915 2573 964 2638 vel
994 2573 1075 2637 inter
1100 2571 1153 2641 17.
1179 2587 1213 2641 et

198 2679 342 2759 23.sslun.,
365 2681 415 2752 vel
440 2694 513 2768 post
537 2681 588 2745 at.
606 2681 693 2767 Sept.
718 2680 792 2751 data
813 2681 840 2766 ⁵)
861 2680 938 2746 satis
962 2681 1211 2759 demonstratur,

198 2805 261 2879 qua
274 2786 446 2856 edelberto
466 2786 547 2853 illius
562 2789 670 2878 nepoti
694 2787 920 2874 possessiones
942 2783 1110 2873 ademptas
1132 2787 1212 2852 red-

83 2953 85 2956 i
199 2892 280 2957 dens
304 2893 386 2958 haec
409 2891 510 2958 verba
531 2891 680 2979 loquitur:
712 2892 897 2971 „Cmdimus
921 2910 1049 2982 quoque
1074 2889 1115 2955 ad
1139 2892 1214 2976 plu·

198 2999 352 3069 rimorum
384 2997 570 3084 pervenisse
599 2999 744 3065 notitiem
770 2997 905 3087 qiraliter
933 3017 991 3062 nos
1015 2995 1212 3082 quibusdum

202 3103 318 3176 exortis
355 3102 586 3172 occasionibus.
616 3103 795 3169 Liutwardo
836 3100 1010 3167 venerabili
1051 3101 1212 3188 episcopo

201 3208 361 3294 paululum
391 3210 540 3276 commoti
570 3207 711 3275 honores
744 3206 928 3273 abstulimus
952 3248 1118 3272 ......
1142 3209 1211 3275 Νοε

200 3334 329 3403 quoque
352 3312 393 3379 ad
421 3314 584 3400 pristinam
614 3311 866 3400 tranquillitatem
891 3310 1029 3376 animum
1051 3330 1212 3378 revocan-

200 3423 251 3484 tes
274 3426 359 3484 etc.“
412 3421 445 3485 ln
477 3419 593 3485 eodem
624 3416 675 3483 illo
706 3428 862 3482 conventu
886 3414 1135 3480 Kirohheimensi
1161 3420 1215 3484 tti-

204 3523 331 3591 chardis
365 3525 477 3612 regina
507 3523 650 3593 adulterii
679 3543 734 3592 roa
767 3523 796 3589 io
822 3520 977 3609 judicium
1007 3531 1120 3589 vocata
1153 3535 1213 3598 est.

202 3667 403 3677 -.—...-..

278 3740 304 3795 1)
336 3738 466 3788 Boehmer
486 3739 564 3799 1011,
588 3739 665 3786 ltlt.
687 3735 751 3790 tna
768 3736 840 3789 Fuld.
857 3733 887 3792 Ρ.
907 3737 940 3785 lv
959 3738 986 3787 et
1004 3736 1025 3783 V
1043 3747 1067 3786 a.
1087 3737 1148 3787 ast.

276 3822 302 3890 t)
339 3827 436 3890 Regino
456 3838 481 3875 a.
499 3827 560 3875 tt‘l.

276 3915 300 3975 ³l
336 3915 433 3977 [tagino
452 3926 476 3965 a.
496 3915 558 3968 ecl.

276 3997 301 4066 t)
340 4003 443 4064 Gagern
462 3999 514 4051 vite
531 3998 629 4053 Manili
646 3999 823 4061 Imperatoris,
843 4010 869 4060 p.
891 3998 933 4046 tt.

276 4083 302 4149 a)
339 4101 382 4149 ap.
400 4084 534 4148 Sohdptlin
558 4086 643 4136 codex
664 4086 846 4150 diplomaticus
865 4083 977 4132 Alsatiao
996 4079 1016 4146 1,
1038 4085 1080 4134 at.
1111 4080 1213 4142 (Boon.-

204 4186 266 4225 mer
284 4173 371 4234 101⁵).
391 4196 424 4207 -
