2796 4958
195 784 418 862 expectaretur
441 778 479 851 ¹).
524 768 572 838 lle
602 780 750 855 tempora
774 767 919 857 quidem,
950 785 1015 857 quo
1039 786 1214 836 convene

194 884 263 961 rint,
286 881 360 946 nihil
383 877 461 944 certi
482 876 630 942 traditur:
663 873 801 940 nonnulli
832 886 938 942 autem
970 874 1090 962 opinati
1122 887 1214 952 sunt,

196 1008 271 1055 cum
292 988 322 1051 in
347 1003 387 1051 eo
408 981 610 1069 adalgarium
632 980 911 1068 archiepiscopum
924 980 1214 1067 Hamburgensem

194 1102 400 1180 praesentem
423 1087 582 1164 viderent,
614 1087 704 1174 cujus
736 1097 923 1154 antecessor
946 1084 1127 1183 llimbertus
1151 1085 1212 1152 die

199 1195 238 1264 tt
264 1217 303 1261 m.
326 1193 405 1259 lunii
428 1212 447 1259 e
470 1192 532 1259 vita
555 1192 695 1257 excessit
717 1192 751 1277 ²),
776 1204 848 1279 post
868 1191 953 1259 hunc
977 1191 1063 1257 diam
1087 1193 1212 1258 conci·

195 1300 270 1366 lium
294 1310 503 1367 convocatum
527 1317 609 1364 esse.
662 1298 733 1375 Qua
756 1298 878 1365 ratione
901 1318 953 1364 res
975 1313 1044 1364 uon
1066 1313 1211 1384 prorsus

196 1405 360 1494 dijudicari
384 1413 498 1492 potest,
523 1401 597 1492 quia
611 1402 821 1490 adalgarium,
844 1402 1006 1470 llimbcrto
1029 1403 1211 1471 etiamtunc
1265 1405 1268 1415 ⁴

195 1513 276 1589 vivo,
297 1528 523 1577 successorem
546 1509 615 1596 ejus
639 1507 839 1596 designatum
862 1509 961 1576 luisse
990 1520 1022 1575 et
1052 1507 1210 1576 omnibus

195 1615 309 1684 officiis
332 1615 568 1702 episcopalibus
592 1633 650 1700 pro
675 1633 715 1679 eo
739 1614 932 1681 satisfecisse
955 1613 1073 1680 scimus
1094 1612 1134 1698 ⁸).
1161 1644 1209 1664 -—

196 1720 358 1788 lllluemnt
386 1731 493 1786 autem
523 1718 708 1805 Magantiaci
737 1719 970 1806 archiepiscopi
991 1718 1086 1786 Fulco
1114 1717 1208 1785 llbe-

195 1826 324 1901 meusis,
349 1824 538 1891 willibertus
558 1823 804 1911 Agrippinensis,
827 1822 1032 1890 'lhiadmarus
1045 1826 1210 1892 Juvaven-

196 1932 256 2009 sis,
291 1929 437 1998 Ratbodo
467 1929 675 2008 Trevirensis,
718 1927 902 2015 adalgarius
936 1928 1206 2018 llamburgensis;

195 2037 341 2125 episcopi
363 2035 525 2104 lohannes
553 2034 804 2123 Rotomageusio,
834 2033 1044 2122 llildegrirnus
1067 2032 1208 2101 llalber*

196 2142 371 2220 stadensis,
401 2145 484 2207 Arno
507 2137 770 2228 Herbipolitanus,
801 2139 998 2205 liutwardus
1022 2135 1206 2207 vercellen·

194 2249 249 2322 sis,
279 2247 450 2314 Rotbertus
473 2246 649 2321 Meuanas
680 2245 860 2310 Adalelmus
890 2245 1206 2333 Borbetomagensis,

196 2353 388 2421 Godelridus
408 2352 575 2438 Spirensis,
599 2349 778 2415 Wicbertus
793 2346 1084 2425 Hildesheimensis
1106 2350 1205 2418 [lado

195 2457 439 2533 Verodeuensis,
463 2455 577 2523 Dodilo
602 2454 858 2534 Cameracensis,
890 2457 1070 2524 Honoratus
1099 2457 1207 2525 Bello·

195 2565 351 2640 vacensis,
373 2561 503 2628 Herdilo
525 2560 795 2647 Noviomagensis,
827 2561 1022 2628 Baltramnus
1045 2563 1205 2650 Argento-

197 2669 339 2747 ratensis,
365 2667 478 2734 Waldo
503 2666 718 2752 Frisingensis,
740 2665 920 2733 Thiadullus
943 2667 1110 2734 Curieusis.
1159 2669 1206 2734 Ex

195 2797 329 2865 quorum
353 2772 543 2863 praeceptis,
568 2772 635 2837 aliis
653 2772 839 2838 testimoniis
862 2773 1049 2861 aequalibus
1067 2771 1204 2852 collatis,

195 2890 394 2970 quantopere
426 2888 500 2944 tunc
529 2877 697 2962 imperium
727 2877 919 2944 labefactum
952 2889 984 2946 et
1014 2887 1202 2964 corruptum

195 2986 296 3061 luerit,
319 2984 438 3071 optime
462 2983 700 3069 perspiciemus.
746 2984 850 3050 Primo
874 2984 957 3050 enim
979 2996 1097 3071 patres,
1120 2985 1204 3050 Nor·

194 3110 381 3156 mannomm
404 3087 634 3154 atrocissimam
662 3087 865 3167 invasionem,
896 3106 959 3179 qua
983 3090 1078 3156 multa
1107 3089 1203 3156 delu-

193 3193 253 3262 bra
276 3205 309 3260 et
330 3192 523 3261 monasteria
546 3191 647 3259 diruta
670 3205 723 3260 aut
747 3193 788 3262 ad
807 3194 934 3261 nihilum
952 3195 1085 3263 redacta
1099 3207 1201 3275 eraut,

194 3300 224 3366 in
256 3299 453 3388 praelatione
487 3297 691 3365 vehementer
720 3301 879 3367 lamentati
910 3301 957 3366 his
989 3299 1095 3368 verbis
1126 3321 1204 3388 per·

194 3417 286 3494 gunt:
309 3404 400 3481 „Sed
426 3404 472 3470 his
496 3404 616 3472 interea
640 3403 730 3471 malis
754 3405 924 3482 amaricati,
949 3414 980 3471 et
996 3426 1081 3493 pene
1096 3427 1203 3494 usque

194 3508 235 3578 ad
258 3520 393 3576 mortem
418 3508 538 3589 afflicti,
572 3509 655 3578 aliud
686 3531 704 3578 e
735 3510 837 3576 vicino
868 3510 984 3577 malum
1013 3532 1080 3577 nos·
1102 3530 1203 3578 coan-

265 3669 290 3731 t)
327 3667 393 3722 Acta
419 3666 477 3734 ejus
496 3676 598 3738 integra
625 3674 731 3725 exstant
756 3685 797 3737 ap.
817 3674 900 3726 llansl
925 3674 1044 3726 collectio
1069 3660 1202 3725 concitio-

192 3753 263 3804 rum,
283 3742 310 3795 T.
329 3742 416 3804 thll,
437 3758 463 3806 p.
483 3749 514 3794 ct
535 3755 594 3812 sqq.

262 3829 289 3890 2>
323 3829 407 3880 Mansl
430 3831 446 3880 l.
464 3827 479 3880 l.
501 3840 527 3893 p.
548 3835 589 3880 7³.
615 3830 705 3882 Adam.
728 3827 879 3882 Bremensis
903 3832 921 3892 l,
941 3845 964 3882 c.
992 3831 1039 3895 lu,
1064 3828 1201 3894 Neorolog.

192 3911 320 3967 Fuldense
340 3930 363 3967 a.
384 3922 443 3968 888.
470 3912 594 3984 (Leibnltz
613 3918 759 3980 scriptores
778 3932 829 3969 rer.
846 3915 1106 3980 Brunsvicens.,'lll,
1126 3912 1199 3980 lea),

190 4001 324 4068 Neurolog.
357 4000 580 4054 Muellenbeclmn.
624 4002 789 4070 (Wiegand's
818 4005 1011 4057 wesllattsches
1044 4007 1140 4057 Archiv
1168 4003 1198 4066 V,

192 4092 242 4141 ete
262 4088 334 4155 sqq.)
352 4089 384 4141 cl.
402 4089 463 4152 dipl.
481 4102 524 4151 up.
539 4089 716 4157 Lappenberg
733 4091 870 4157 hamburg.
889 4087 1082 4145 Urlundsbuch
1101 4092 1120 4157 1,
1140 4097 1183 4146 82.

261 4179 286 4239 8)
322 4179 381 4226 Vite
399 4176 436 4226 st.
454 4175 577 4227 lllmberti
596 4191 619 4228 o.
638 4178 668 4229 ll
692 4176 776 4246 (Perta
796 4180 839 4230 SS.
863 4180 891 4241 ll,
914 4179 985 4244 att).
1007 4206 1038 4216 -
