2782 4950
670 614 718 677 77

193 789 409 878 compositam
432 795 602 854 renovaret
624 795 655 851 et
678 805 744 864 „ne
768 786 929 874 coemptio
947 786 1021 854 selis
1043 785 1193 858 indeilo-

189 896 271 963 ravis
295 894 462 971 daretnr’'‚
484 901 628 979 rogarct;
653 889 734 958 haec
757 912 793 958 re
816 891 973 959 coniecta
986 895 1191 982 menseMajo

188 1002 352 1092 sequentis
377 999 450 1068 enni
473 998 606 1065 feliciter
627 1016 759 1064 reversa
783 1008 839 1064 est
886 996 1009 1064 Eodem
1037 1011 1192 1089 tempore,

187 1130 249 1196 quo
274 1104 441 1195 expeditio
465 1104 516 1171 illa
537 1113 648 1171 contra
670 1104 816 1171 dioravos
838 1115 991 1191 suscepta
1014 1116 1078 1182 cst,
1106 1110 1191 1174 Arno

186 1212 362 1281 bellicosos
386 1212 561 1298 episcopus
577 1206 840 1297 Herbipclitanus,
863 1230 921 1276 sua
944 1221 1070 1297 sponte,
1093 1223 1127 1279 nt
1147 1213 1192 1278 vi·

187 1319 287 1396 detur,
310 1318 431 1405 impeto
453 1317 484 1382 in
507 1313 667 1382 Bohemcs
692 1335 803 1382 eorum
826 1316 934 1382 socios
958 1316 1051 1397 iacto,
1081 1337 1193 1405 regnor

188 1424 280 1490 diens
304 1443 370 1491 non
392 1423 489 1509 longe
512 1419 697 1488 aCaminizi
721 1440 814 1486 amne
836 1419 1028 1500 (Chemnitz)
1051 1426 1082 1488 in
1105 1443 1190 1512 pago

188 1529 310 1598 chutizi
335 1528 367 1615 ¹),
391 1527 469 1593 dum
492 1526 545 1593 die
558 1525 687 1593 13.tutti
702 1547 742 1592 m.
763 1530 793 1604 ²)
812 1527 941 1594 missam
961 1527 1055 1606 canit,
1078 1528 1192 1595 actu·

188 1636 265 1716 tizis,
287 1645 385 1723 gente
408 1632 532 1699 Slavica
554 1631 761 1700 obtruncatus
785 1642 841 1699 est.
884 1633 989 1712 Quam
1011 1653 1079 1700 rem
1101 1647 1192 1703 recte

188 1740 319 1830 quidem
328 1738 507 1830 Patackyus
528 1758 601 1806 cum
613 1736 728 1805 Arnuifi
747 1736 834 1806 bello
849 1740 916 1826 pari
928 1751 1076 1828 tempore
1099 1751 1192 1830 gesto

188 1849 293 1934 aliquo
319 1844 416 1913 modo
443 1864 620 1912 connexam
638 1843 736 1912 foisse
754 1846 904 1934 cognovit
921 1848 957 1933 ⁸),
979 1845 1040 1913 sed
1064 1868 1192 1913 manum

188 1952 258 2038 ejus
284 1972 380 2016 unum
405 1950 564 2017 extribus
587 1949 672 2037 regis
685 1950 877 2017 exercitibus
892 1951 990 2020 inisse
1012 1950 1097 2019 haud
1121 1971 1192 2021 cre·

188 2057 334 2135 diderim
358 2075 430 2123 cum
453 2077 518 2123 non
541 2056 630 2134 iliius,
653 2054 713 2121 sed
737 2056 898 2143 Popponis
922 2058 1013 2125 dn'cis
1031 2058 1192 2146 Thuringi-

187 2185 279 2230 orum
303 2184 400 2230 suaso
418 2176 522 2230 motus
543 2160 714 2229 dimicasse
731 2160 880 2234 tradatur.
925 2164 993 2232 Fuit
1016 2177 1121 2231 antem
1144 2165 1192 2231 vir

189 2270 246 2350 ille,
273 2269 327 2359 qui
351 2269 413 2336 hoc
437 2267 534 2335 modo
558 2280 679 2359 martyr
694 2267 807 2335 Christi
831 2270 946 2336 exstitit
968 2284 1000 2336 ct
1023 2271 1190 2359 piissimus,

188 2390 218 2444 ot
242 2377 298 2464 qui
325 2375 440 2443 decem
464 2374 493 2440 in
518 2375 707 2463 episcopatu
729 2395 788 2441 suo
812 2395 912 2442 novas
936 2377 1092 2445 ecclesias
1114 2397 1192 2444 con·

189 2484 280 2550 deret
304 2493 337 2548 et
358 2481 546 2548 fortissimus
570 2482 762 2547 Francorum
786 2491 897 2549 contra
917 2481 1030 2551 Slavcs
1052 2503 1192 2571 propug-

188 2602 289 2656 nator.
335 2593 424 2655 Anno
446 2587 514 2654 855
531 2584 728 2652 Gozbaldom
751 2599 999 2676 praeceptorem
1022 2610 1115 2657 snum
1139 2587 1192 2655 dic

188 2695 237 2760 20.
262 2694 355 2780 Sept.
379 2715 419 2760 m.
443 2702 601 2759 mortuum
633 2692 807 2780 episcopus
832 2692 1087 2781 Herbipolitanus
1116 2694 1191 2760 sub-

189 2815 335 2879 secutos,
363 2819 390 2866 a.
415 2799 480 2869 871
513 2819 586 2865 cum
610 2795 765 2865 Rnodoito
790 2799 924 2878 comite,
954 2798 1058 2866 limitis
1083 2810 1193 2874 costos!

190 2918 299 2974 contra
312 2905 471 2973 Bohemos
484 2904 655 2972 seditiosos
668 2904 793 2983 missus,
816 2905 985 2973 maximam
1000 2903 1074 2971 indc
1097 2925 1192 2991 prae-

191 3013 261 3080 dam
292 3011 384 3090 t'ccit,
417 3033 443 3078 a.
472 3010 538 3078 8⁷2
569 3010 690 3077 fortiter
718 3010 777 3077 sed
808 3009 906 3078 dubio
936 3022 1051 3079 evento
1082 3020 1192 3077 contra

192 3117 325 3186 eosdem
348 3116 457 3184 hostes
482 3115 640 3205 pugnavit,
663 3135 691 3180 a.
714 3113 781 3182 884
808 3135 882 3184 cum
905 3117 1051 3186 Heinrico
1076 3117 1195 3195 comite

194 3237 355 3293 cruentam
386 3221 446 3289 sed
477 3221 649 3310 gloriosam
679 3242 719 3289 ert
740 3208 928 3290 Normannis
953 3223 1192 3290 victoriam're-

195 3333 254 3399 tulit
272 3335 314 3411 ⁴).
360 3328 505 3396 Amulius
529 3348 557 3394 a.
572 3327 646 3401 ,889
677 3340 824 3417 quattuor
855 3329 968 3396 tabulis
989 3329 1016 3413 ⁸)
1045 3331 1114 3415 ejus
1138 3349 1193 3395 cc·

197 3438 307 3509 ciesiae
332 3455 445 3509 omnes
466 3445 708 3502 antecessorum
732 3434 929 3513 donationes,
957 3434 1192 3512 immunitatem,

258 3593 285 3654 t)
321 3593 384 3655 Reg.
405 3593 464 3652 882,
484 3589 621 3642 Thietmar.
643 3590 662 3650 Ι,
682 3595 707 3639 a.

257 3680 284 3740 a)
320 3679 435 3730 Ecithart
456 3690 552 3728 comm.
578 3678 612 3729 de
637 3679 696 3728 roh.
720 3678 811 3727 Franc.
832 3677 925 3728 orient.
943 3671 976 3738 tt,
998 3677 1056 3734 tto,
1087 3669 1193 3723 Calend

199 3765 302 3822 Merscb.
323 3769 339 3816 1.
359 3769 381 3827 1.,
404 3768 505 3818 Necrol.
525 3767 595 3816 Futd.
617 3779 640 3816 e.
660 3768 719 3816 892.

261 3856 285 3915 a)
323 3856 417 3906 Gesch.
436 3869 462 3906 v.
484 3855 618 3906 Boehmen
636 3853 657 3915 1,
677 3855 734 3904 tte.

262 3939 286 4006 t)
323 3945 387 3993 nnn.
405 3943 486 4008 tuto,
507 3947 565 4004 aaa,
588 3947 647 4003 att,
670 3946 731 4006 eta,
752 3944 811 3992 set.

261 4030 286 4092 tt)
323 4045 366 4094 ap.
385 4032 501 4083 Menum.
519 4033 589 4082 Boio.
608 4030 716 4090 xxvsst,
739 4034 761 4091 t,
783 4033 824 4089 92,
839 4033 880 4089 ct,
894 4032 934 4089 98,
955 4025 1069 4076 Eckhart
1089 4021 1118 4084 tl,
1140 4026 1189 4073 892

202 4107 329 4178 (flochmer
345 4121 393 4170 No.
413 4122 607 4179 tote-tote,
630 4117 718 4178 nott).
758 4118 827 4167 Arno
846 4117 996 4165 nominatur
1014 4112 1047 4162 ab
1067 4124 1099 4162 co
1120 4109 1189 4172 „ho-

201 4204 310 4258 norabilis
332 4210 476 4271 episcopos
495 4211 522 4257 et
540 4207 651 4258 dilectae
669 4205 798 4256 familiaris
816 4207 935 4256 noster''.
957 4227 990 4239 -
