2796 4958
690 603 763 669 105

211 775 408 864 colligamus.
456 773 493 839 lit
515 773 636 860 llegino
660 782 689 852 ¹)
713 775 860 864 quidem,
890 797 962 842 eum
994 798 1013 844 a
1042 789 1132 865 patre
1156 779 1223 866 pul·

210 880 387 950 cbritudine
417 881 529 967 insigni
552 891 650 968 atque
673 881 790 968 ingenti
815 884 960 970 corporis
990 886 1019 950 vi
1043 883 1219 952 excellente

208 989 348 1077 genitum
365 997 399 1053 et
414 989 517 1074 ipsum
542 986 816 1074 „elegantissimae
832 991 953 1075 speciei
976 991 1088 1057 fuisse*
1107 990 1217 1070 relert,·

206 1093 330 1182 magnis
353 1113 427 1159 oum
449 1092 568 1158 extollit
592 1094 737 1160 laudibus
761 1102 859 1182 po'e‘ta
880 1097 964 1163 Saxo
983 1097 1027 1183 ²),
1051 1097 1091 1163 ita
1116 1096 1217 1184 impe·

177 1202 290 1275 ¹rium
307 1201 502 1266 Francorum
524 1198 652 1265 allatus:
684 1202 798 1279 „Nunc
822 1212 927 1268 tamen
952 1202 1078 1269 Amulio
1102 1203 1215 1270 merito

204 1306 263 1372 sab
298 1305 443 1395 principe
477 1304 619 1393 gaudes,
653 1307 713 1384 Qui
743 1307 851 1373 similis
886 1318 972 1374 tanto
1003 1306 1143 1375 moribus
1165 1321 1215 1376 eat

203 1428 297 1482 atavo
325 1413 358 1500 (i.
389 1433 417 1480 e.
448 1411 575 1478 lli-nullo
599 1413 770 1497 Mettensi),
806 1414 948 1502 [lenique
986 1415 1212 1502 magnanimus,

203 1521 346 1587 clemens
368 1526 600 1605 promptusque
626 1517 738 1586 labore
763 1520 907 1607 Pervigili
933 1520 1057 1606 lapsum
1081 1520 1212 1608 corrigit

202 1626 379 1713 imperium,
402 1626 660 1712 Francorumque
684 1636 792 1692 movet
813 1627 912 1693 veteri
932 1628 1043 1693 virtute
1059 1626 1209 1706 lacertos,

200 1739 302 1821 Atque
326 1742 420 1798 vocat
442 1730 568 1796 resides
587 1753 697 1797 rursus
722 1734 751 1797 in
776 1751 862 1800 arma
886 1733 979 1800 viros.
1015 1731 1081 1798 Sed
1106 1733 1207 1801 molas

201 1841 366 1912 immonsa,
388 1836 441 1902 diu
463 1857 547 1924 quae
571 1839 689 1904 corruit
712 1848 794 1916 ante,
816 1841 884 1906 Non
905 1840 1074 1905 restaurari
1096 1859 1133 1905 se
1149 1859 1208 1906 su-

200 1944 265 2012 bito
282 1943 405 2031 patitur.
443 1942 484 2007 llli
511 1941 566 2008 det
589 1945 691 2022 vitam,
715 1945 766 2031 qui
791 1946 934 2011 virtutem
959 1945 1047 2010 dedit
1069 1947 1207 2033 amplam

199 2053 235 2117 lit
263 2069 380 2136 magne
408 2048 501 2115 nobis
530 2069 627 2115 causa
657 2050 765 2115 salutis
796 2051 886 2117 erit.”
940 2052 1006 2116 Nec
1039 2053 1124 2137 pium
1151 2051 1206 2118 Dei

198 2156 353 2223 cultorem
372 2175 412 2221 ex
431 2155 584 2241 temporis
602 2154 681 2220 illius
700 2154 860 2221 bominum
876 2157 1001 2242 iugenio
1014 2175 1087 2222 eum
1102 2157 1207 2237 luisse,

197 2263 288 2350 cujus
310 2261 408 2327 altare
434 2260 566 2337 mobile,
589 2281 653 2348 qao
678 2261 708 2326 in
732 2261 895 2328 itineribus
919 2261 1074 2339 utebatur,
1098 2263 1205 2330 llabil-

196 2370 281 2437 lonio
301 2369 329 2454 ⁸)
352 2369 512 2433 etiamtum
534 2365 725 2433 Retisbonae
748 2366 986 2445 ostendebatur,
1011 2370 1120 2456 negari
1147 2390 1203 2458 po-

195 2487 274 2556 test,
306 2494 379 2542 cum
408 2495 483 2540 raro
513 2472 722 2539 ecclesiarum
746 2473 797 2539 vel
825 2475 1055 2543 coenobiorum
1082 2478 1203 2544 reditus

193 2579 393 2671 proceribus,
416 2579 458 2646 ad
482 2579 613 2666 gratiam
638 2600 748 2645 eorum
773 2579 831 2646 sibi
853 2583 1084 2649 conciliandam
1103 2584 1202 2651 dona-

194 2689 275 2756 verit
296 2687 338 2774 ι),
369 2697 401 2752 et
429 2698 537 2773 patres
560 2685 721 2751 Triburiae
750 2689 935 2772 cougregati
957 2687 1112 2754 Christum
1136 2688 1202 2756 col-

193 2793 361 2884 laudarent
382 2793 424 2878 ’),
458 2791 510 2880 qui
534 2789 692 2856 ecclesiae
715 2802 804 2868 „tam
828 2793 913 2879 pium
938 2803 971 2858 et
993 2793 1100 2858 mitem
1125 2813 1203 2859 con-

193 2902 382 2973 salsiorem,
409 2909 539 2983 tamque
562 2907 723 2962 strenuum
748 2895 924 2984 adjutorem
951 2935 989 2950 -
1016 2898 1202 2966 condonare

194 3006 363 3095 dignatus”
393 3013 495 3080 esset,
524 3002 639 3087 „cujus
669 3011 727 3069 cor
749 3003 822 3069 Stus
852 3005 979 3092 spiritus
1010 3004 1126 3073 ardore
1156 3006 1201 3071 in·
1282 3044 1285 3049 ·

191 3112 357 3179 flammare
388 3108 514 3176 etzelo
546 3108 639 3173 divini
670 3110 787 3175 amoris
817 3110 968 3178 voluisset
991 3111 1199 3178 accendere.¹'

190 3219 368 3305 Praecipue
403 3225 509 3281 autem
544 3235 600 3281 rex
634 3236 693 3302 per
726 3218 819 3283 vitam
855 3216 897 3283 St.
931 3220 1199 3284 Emmerammum

191 3322 404 3392 venerabatur
420 3321 448 3406 ⁸)
478 3319 652 3408 ,adeoque
681 3322 721 3386 illi
752 3322 891 3399 adliesit,
921 3332 954 3386 ut
982 3323 1012 3385 in
1042 3323 1198 3387 vicinitate

191 3429 375 3499 monasterii
405 3427 494 3513 regio
526 3427 619 3492 cultui
643 3439 750 3513 aptum
776 3436 975 3492 construeret
998 3427 1119 3514 grande
1143 3449 1199 3514 pa·

190 3537 321 3604 latium”
344 3535 385 3620 ¹);
409 3532 514 3599 eidem
539 3531 697 3599 coenobio
718 3545 831 3620 postea
850 3553 887 3598 ex
908 3534 1044 3600 lloravia
1068 3534 1199 3601 leliciter

192 3652 393 3666 ——

264 3700 291 3760 1)
329 3694 473 3762 1109880,
564 3696 590 3756 0)
626 3695 654 3744 L.
673 3695 702 3745 V.
722 3709 747 3746 v.
770 3696 818 3745 115
839 3708 896 3760 sqq.

264 3778 290 3849 0)
327 3784 379 3834 lter
398 3787 542 3836 Germanic.
562 3784 667 3844 (Vetera
685 3784 810 3833 Analecta
830 3798 856 3847 p.
877 3786 926 3847 16.)

265 3874 290 3934 1)
327 3872 605 3932 cirltoebmerloal,
629 3875 704 3932 1032,
727 3875 803 3934 1017,
826 3876 902 3936 1001,
925 3878 1002 3938 1080,
1023 3877 1099 3934 1088,
1122 3877 1198 3935 1008,

193 3967 261 4014 1009
281 3965 331 4012 etc.
405 3962 430 4022 8)
467 3962 540 4010 Perlz
560 3960 636 4022 Legg.
657 3961 675 4020 l,
697 3965 755 4010 ote.
774 3984 809 3994 -

263 4042 289 4113 0)
326 4050 387 4112 lieg.
405 4053 455 4099 890
482 4053 530 4108 „in
555 4047 661 4097 basilica
680 4050 712 4096 st.
733 4047 934 4099 Hammeramuri
957 4053 1095 4114 martyris,
1120 4065 1198 4115 quem

189 4123 248 4184 ipse
268 4121 332 4170 dum
351 4121 422 4181 vixit,
442 4121 552 4168 multum
572 4120 714 4166 veneratus
734 4120 800 4167 est.''

265 4210 290 4270 7)
329 4209 459 4258 Arnoldns
480 4209 513 4258 de
533 4208 569 4257 st.
587 4204 781 4254 Emmerammo
802 4220 824 4257 c.
845 4211 858 4257 5
879 4201 963 4272 (Pertz
982 4210 1024 4258 SS.
1043 4210 1084 4270 lv,
1106 4203 1176 4270 tat).
