2796 4958
796 632 871 697 luc

334 798 577 872 commendatus
600 811 650 865 εει
671 793 706 886 ι),
729 811 762 865 et
784 798 1008 889 potentia‘sua
1030 799 1229 880 iretusanno
1248 804 1340 876 circi-

315 922 383 981 ter
405 905 470 974 885
494 907 543 972 vel
559 906 624 973 886
650 918 723 995 post
739 907 886 975 Methodii
908 922 1043 978 mortem
1067 912 1240 1001 discipulos
1263 915 1342 1002 ejus,

336 1015 542 1091 Clementem,
566 1009 755 1091 Gorasdum,
778 1015 987 1101 Angelorum,
1010 1020 1109 1085 Naum
1134 1020 1214 1088 alios
1238 1023 1342 1108 gravi-

333 1134 383 1188 ter
413 1129 601 1206 persecutus
631 1129 681 1183 εει
704 1129 737 1184 ει
765 1139 898 1187 carcere
927 1137 1107 1192 maceratos
1136 1126 1166 1190 in
1198 1126 1340 1192 exsilium

334 1226 457 1316 pepulit
478 1225 513 1309 ²).
550 1224 692 1311 Denique
716 1225 746 1290 in
771 1225 860 1292 ducis
884 1231 1099 1316 suspicionem
1122 1232 1255 1298 veniens
1279 1233 1342 1299 ior-

333 1346 422 1400 tasse
452 1340 583 1418 propter
612 1329 728 1395 bellum
758 1344 868 1398 contra
892 1336 1032 1402 Francos
1060 1349 1264 1425 susceptum,
1299 1339 1340 1405 ab

334 1460 376 1507 eo
399 1436 441 1503 ad
457 1436 646 1502 acerrimum
667 1437 736 1522 ejus
752 1438 912 1506 inimicum
933 1441 1092 1508 Arnullum
1111 1463 1221 1530 regem
1239 1456 1342 1511 trans-

335 1545 427 1632 fugit,
458 1541 548 1629 cujus
572 1542 793 1624 cancellarius,
817 1550 952 1634 asperto
974 1547 1027 1614 die
1055 1548 1102 1614 tt.
1126 1550 1224 1615 Martii
1248 1572 1290 1616 m.
1313 1572 1339 1618 a.

334 1650 403 1718 893
428 1660 550 1716 mortuo
570 1647 612 1733 ⁸),
642 1647 744 1715 sactus
769 1663 818 1717 εει
835 1652 862 1736 ⁴)
913 1654 1002 1719 Nunc
1025 1654 1117 1742 igitur
1139 1655 1341 1742 imperatoris

335 1759 444 1825 lavore
473 1755 503 1820 in
533 1756 754 1842 episcopatum
779 1757 996 1824 Bataviensem
1028 1772 1200 1846 provectus
1223 1772 1257 1827 ει
1279 1760 1341 1828 hoc

333 1882 467 1931 munere
489 1882 661 1949 parumper
684 1861 816 1939 functus,
840 1882 858 1927 a
882 1862 1072 1932 Theotmaro
1096 1864 1341 1955 archiepiscopo

335 1971 469 2059 ejusque
492 1966 701 2054 suffraganeis
719 1966 848 2057 synodo
871 1981 1075 2056 congregata,
1096 1973 1272 2040 canonicali
1291 1975 1342 2062 ju·

336 2076 420 2144 dicio
449 2073 596 2162 dejectus
615 2080 646 2152 ⁵)
680 2092 720 2138 ac
750 2071 822 2138 loco
854 2074 923 2161 ejus
955 2076 1115 2142 Richarius
1149 2078 1341 2167 subrogatus

336 2195 393 2251 est.
426 2179 561 2257 „Contra
586 2179 721 2245 instituta
746 2181 886 2265 patrum’
910 2191 1015 2246 autem
1041 2183 1153 2248 sedern
1177 2187 1342 2252 Batavien-

336 2310 405 2358 sem
436 2284 611 2352 obtinuisse
643 2305 714 2350 eam
744 2284 788 2350 ob
820 2304 950 2351 causam
980 2299 1149 2357 accusutas
1174 2303 1237 2365 est,
1269 2293 1341 2379 quia

336 2397 508 2463 etiamtunc
529 2392 689 2457 ecclesiae
711 2390 855 2456 Nitriensi
886 2392 1034 2478 praefuit,
1066 2414 1172 2483 neque
1201 2395 1341 2464 edictum

336 2496 541 2585 aStcphano
565 2499 599 2563 Vl
631 2496 738 2563 datum
762 2500 806 2575 ⁶),
839 2509 871 2562 ut
899 2497 1075 2585 episcopis,
1109 2521 1245 2588 quorum
1269 2523 1341 2589 par-

323 2605 464 2675 rochiae
487 2624 505 2668 a
530 2603 661 2689 paganis
683 2603 835 2667 incensae
859 2615 977 2683 essent,
998 2605 1079 2672 aliae
1102 2605 1201 2674 sedes
1223 2621 1341 2676 couce-

336 2713 501 2786 derentur‚
535 2707 576 2774 ad
607 2729 697 2784 eum,
730 2707 811 2773 sieut
834 2709 970 2775 nonnulli
995 2724 1196 2791 censuerunt,
1232 2714 1340 2781 valere

334 2817 442 2909 potuit,
467 2835 539 2881 cum
562 2815 646 2880 Nitra
676 2811 753 2879 urbs
777 2813 922 2900 prolecto
953 2826 1017 2880 tum
1041 2815 1083 2882 ab
1107 2817 1240 2907 ngaris
1262 2841 1341 2888 non-

335 2927 411 2992 dum
434 2931 522 2987 esset
545 2922 664 2985 invasa.
714 2918 836 2985 Eodem
860 2919 954 2985 etiam
978 2941 1062 2988 anno
1085 2926 1114 3004 ')
1139 2921 1340 2992 Eberhardus

334 3034 435 3105 Saxo,
465 3024 546 3090 filius
568 3023 762 3110 Megiuhardi
794 3037 888 3113 atque
912 3025 1033 3091 Euesae
1063 3047 1175 3094 comes
1198 3030 1250 3095 vel
1278 3032 1340 3098 dux

336 3134 451 3202 Frisiae
474 3129 509 3216 ⁸),
533 3130 586 3217 qui
609 3149 692 3194 anno
715 3129 781 3197 885
806 3131 846 3197 ab
871 3131 1017 3198 Heinrico
1042 3130 1126 3198 duce
1149 3132 1339 3204 subornatus

335 3236 541 3308 Godelridum
564 3236 778 3301 Normannum
803 3235 979 3302 trucitaudo
1009 3236 1142 3323 patriam
1172 3259 1191 3306 a
1223 3261 1338 3329 magna

405 3409 429 3479 1)
465 3414 655 3476 Wattenbach‚
681 3415 799 3480 Beitrtige
826 3429 874 3466 zur
898 3417 992 3467 Gesch.
1019 3417 1044 3468 d.
1068 3417 1167 3470 christi.
1191 3418 1285 3473 Kirobe
1312 3423 1337 3472 in

332 3503 439 3556 ttamen
458 3515 484 3564 p.
506 3505 537 3552 ts
556 3515 615 3567 sqq.
635 3528 667 3539 -

405 3586 432 3652 t)
467 3590 524 3638 Vita
543 3584 582 3640 St.
601 3590 742 3640 Clementis
761 3604 784 3641 c.
807 3593 850 3652 ta,
872 3593 903 3640 tu
924 3587 964 3654 (p.
985 3588 1134 3653 17-19).

405 3670 431 3743 t)
466 3677 603 3742 Necrolog.
633 3680 669 3728 st
697 3677 855 3728 Emmerami
883 3672 968 3740 (Mon.
996 3677 1066 3748 Boio.
1091 3676 1155 3740 lllV,
1186 3682 1238 3730 att
1265 3675 1335 3747 sqq.)

332 3769 398 3818 Anu.
417 3767 453 3815 st.
471 3763 584 3816 Emmer.
600 3766 662 3816 min.
681 3769 745 3825 893„
764 3761 856 3829 (Pertz
875 3765 918 3814 ss.
936 3764 954 3825 l,
975 3763 1034 3827 ει).

405 3845 430 3915 ι)
466 3850 550 3900 Prima
568 3851 666 3918 tabula,
686 3855 728 3902 cul
747 3853 912 3915 subscripsit,
931 3852 992 3901 data
1011 3853 1053 3902 est
1071 3850 1113 3903 die
1132 3855 1158 3902 Ξ.
1176 3851 1250 3915 sept.
1268 3866 1335 3906 uta

334 3944 394 3992 893.
414 3934 497 4001 (Mon.
517 3938 586 3991 Boio.
604 3939 648 3996 Χ),
669 3943 733 4003 ι36;
751 3939 859 3990 Boehm.
879 3936 970 4004 ιιοι).
1020 3938 1081 4013 ι),
1102 3939 1262 4004 Ann.Fuld.,
1279 3943 1334 3991 899.

402 4025 428 4087 ε)
464 4027 530 4077 Anu.
549 4025 620 4076 Fuld.
638 4041 662 4080 a.
683 4030 741 4076 886.
760 4027 853 4077 Fusius
874 4027 906 4078 de
925 4026 1050 4092 Vicbingo
1070 4027 1195 4080 disseruit
1213 4025 1334 4081 Wutten·

329 4113 440 4165 bachius
458 4113 576 4177 Beitriige
594 4117 645 4167 etc.
664 4128 689 4178 p.
709 4117 741 4164 at
756 4144 788 4157 -
802 4119 842 4165 tt.

355 4240 358 4247 .
403 4201 427 4260 t)
464 4201 603 4264 lteg.899.
697 4195 722 4268 8)
758 4204 897 4268 Reg.8tt.
