2796 4958
796 649 871 714 lue

335 821 455 888 Romae
478 837 613 906 compos
636 817 719 885 lacta
741 831 801 886 est.
840 820 956 887 Contra
978 819 1181 889 Adalberlum
1205 823 1340 891 Tusciae

336 929 469 1006 ducem,
492 926 558 1012 jam
584 923 708 1011 pridem
732 928 924 994 Francorum
946 926 1170 1009 adversarium,
1195 931 1248 1019 qui
1274 931 1339 997 loe·

336 1037 396 1103 dus
412 1056 483 1100 cum
502 1029 796 1098 Lamberto'icerat
822 1033 859 1112 Ι),
881 1031 998 1099 deinde
1012 1033 1168 1100 rerfines
1183 1034 1338 1101 vastando

337 1141 514 1210 exercitum
534 1136 668 1214 diduxit,
699 1151 733 1202 ut
761 1138 802 1204 ab
834 1148 966 1226 utraque
991 1152 1082 1227 parte
1105 1161 1179 1207 eum
1203 1141 1339 1206 circum·

336 1260 457 1316 renuet
471 1265 518 1322 ao,
535 1241 611 1307 dum
631 1244 700 1328 ipse
716 1262 788 1310 cum
801 1244 978 1311 Alamannis
991 1247 1162 1333 Apenninis
1177 1245 1336 1312 montibus

337 1351 531 1421 transcensis
556 1369 615 1435 per
630 1350 749 1416 Turrim
773 1349 1142 1430 curtem·(l‘ontremoli)
1156 1353 1277 1418 Lunam
1298 1351 1336 1417 ad

336 1481 425 1528 mare
453 1459 545 1524 sitam
573 1455 791 1542 progreditur,
823 1459 962 1522 Francos
993 1477 1052 1545 per
1074 1457 1248 1524 Bononiam
1272 1454 1338 1522 Flo·

337 1568 468 1635 rentiam
501 1563 531 1629 iu
559 1559 672 1628 urbem
696 1563 754 1629 iter
778 1563 885 1629 lacere
904 1562 1005 1650 jussit.
1053 1563 1130 1629 Cunr
1153 1583 1212 1628 rex
1231 1564 1337 1628 Lunae

335 1672 429 1740 natali
459 1667 576 1735 domiui
608 1667 661 1732 die
690 1680 778 1746 acto,
808 1688 865 1754 per
888 1669 1032 1735 Tusciam
1053 1679 1213 1756 pangeret,
1242 1667 1339 1733 bosti-

336 1779 397 1844 bus
420 1775 581 1862 antiquam
603 1772 677 1839 belli
701 1775 834 1863 gerendi
858 1775 1013 1841 rationem
1030 1773 1248 1862 sequentibus,
1271 1773 1339 1840 sine

337 1881 421 1950 omui
437 1879 559 1966 proelio
577 1880 695 1947 itineris
719 1879 909 1957 difficultate,
933 1881 1117 1968 pestilentia,
1137 1900 1223 1969 qnae
1238 1899 1339 1968 equo·

336 2011 405 2056 rum
430 1987 502 2053 loco
525 1984 629 2051 bubus
653 1987 784 2054 clitellas
800 1986 964 2074 imponere
977 1988 1092 2052 milites
1116 1987 1232 2073 coegit,
1257 1984 1339 2051 coeli

336 2103 528 2182 tempestate
553 2091 731 2160 Germanos
761 2105 899 2159 atterere
921 2094 952 2160 iu
977 2094 1081 2159 animo
1104 2091 1167 2158 leit.
1223 2092 1340 2157 Beren-

337 2202 443 2290 garius
472 2199 592 2265 interea
624 2200 654 2264 in
682 2199 801 2266 ltaliam
830 2200 911 2266 clam
940 2218 1090 2265 reversus
1120 2209 1151 2264 et
1173 2197 1245 2284 ipse
1267 2215 1339 2263 oum

336 2305 509 2374 Adalberto
521 2306 656 2371 amicitia
669 2306 787 2392 juncta,
804 2305 1057 2371 adversariorum
1069 2323 1234 2370 numerum
1248 2303 1338 2370 auxit

337 2413 473 2479 Chartae
497 2408 580 2475 duae
604 2409 657 2476 die
680 2411 709 2474 t.
734 2410 831 2477 llartii
856 2423 888 2476 et
911 2409 964 2475 die
986 2409 1040 2474 30.
1063 2411 1134 2495 Apr.
1158 2429 1261 2476 mens.
1284 2407 1340 2475 da-

335 2531 404 2594 tae,
441 2535 521 2602 quas
551 2514 746 2582 Boebmerus
780 2516 811 2581 iu
848 2517 1085 2591 huncannum
1116 2514 1284 2583 collocavit
1305 2517 1340 2600 ¹),

335 2641 484 2711 magnam
508 2620 652 2706 Kuepkio
678 2633 844 2687 moverunt
868 2620 1094 2686 dubitationem
1118 2621 1160 2707 ³),
1196 2641 1272 2689 cum
1300 2642 1342 2688 ex

337 2728 388 2806 iis,
424 2728 648 2813 berengarium
678 2729 839 2802 Veronae,
876 2748 971 2814 quam
1006 2728 1163 2814 scriptore
1192 2727 1340 2794 Fuldensi

338 2846 430 2911 teste,
455 2831 645 2898 Waltlredus
669 2852 772 2920 usque
797 2832 838 2898 ad
864 2843 1000 2899 mortem
1025 2833 1181 2909 „multum
1205 2831 1342 2899 fideliter

338 2938 379 3004 arl
407 2940 632 3024 imperatorem
664 2937 890 3006 contendendo
914 2939 1075 3018 retinuit’',
1106 2940 1226 3027 regiam
1251 2958 1342 3004 exer-

338 3047 443 3110 cuisse
465 3054 666 3128 potestatem,
690 3045 838 3113 eluceret.
885 3044 951 3111 Sed
974 3045 1072 3111 altera
1096 3066 1220 3122 earum,
1252 3047 1342 3132 Lupo
1373 3073 1381 3085 ·

337 3159 473 3216 testante
492 3148 534 3234 ⁴),
559 3150 613 3236 qui
637 3150 705 3237 ejus
729 3150 960 3238 autographum
983 3171 1003 3217 a
1025 3151 1213 3238 Margarinio
1241 3151 1341 3240 negli-

337 3266 451 3342 genter
479 3253 674 3341 descriptum
692 3257 906 3336 examinavit,
939 3257 970 3323 iu
999 3260 1115 3324 aunum
1136 3255 1217 3324 tlt
1246 3256 1341 3336 cadit,

338 3360 468 3427 alteram
494 3359 521 3446 ⁵)
552 3382 591 3426 ex
614 3362 696 3428 notis
720 3362 952 3450 chronologicis
976 3363 1092 3430 eodem
1107 3364 1180 3450 jure
1200 3374 1234 3429 et
1256 3383 1341 3429 anno

337 3463 403 3532 895
425 3476 457 3531 et
478 3463 545 3533 897
568 3465 732 3555 assignare
754 3468 835 3548 lieet,
859 3469 888 3534 iu
912 3491 1047 3560 quorum
1072 3477 1187 3536 neutru'
1208 3489 1281 3536 cum
1304 3470 1341 3536 iis

337 3617 536 3632 ———

336 3698 527 3768 monasterium
551 3701 583 3748 st.
600 3701 802 3751 resurrectionis
817 3703 904 3764 ,atque
929 3703 973 3753 bb.
992 3706 1139 3766 martyrum
1156 3703 1218 3754 sixti
1242 3706 1272 3755 ct
1284 3703 1342 3754 Fu-

336 3784 406 3835 bianl
424 3788 605 3836 constructum
625 3787 827 3850 diverteremus,
847 3793 965 3842 nostram
983 3792 1046 3846 adiit
1064 3791 1268 3842 munificentiam
1285 3793 1341 3840 An·

337 3872 449 3935 gilberga
468 3869 602 3936 ebbatissa
622 3876 704 3937 ipsius
724 3875 898 3927 monasterii“
918 3877 1214 3943 etc.(Boehm.112⁰).

409 3954 434 4023 1)
470 3961 535 4012 Anu.
552 3961 623 4012 Fuld.
643 3966 705 4023 891,
721 3963 816 4013 Herim.
834 3964 931 4016 chron.
953 3971 1012 4018 8⁹6.

406 4045 432 4120 Ξ)
469 4048 515 4100 Νο.
537 4054 614 4112 1300,
636 4053 713 4101 1311.
784 4048 809 4112 a)
846 4049 878 4101 de
897 4049 1066 4118 liudprando
1083 4069 1108 4119 p.
1130 4057 1255 4106 tt-tu‘

362 4181 365 4189 .
407 4135 431 4194 l)
471 4137 535 4188 cod.
554 4137 659 4200 diplom.
679 4138 811 4203 Burgum,
831 4145 908 4190 tutu.

406 4222 433 4283 t)
464 4225 565 4281 ,tturat
584 4226 667 4290 antiq.
684 4223 741 4278 ltat.
762 4229 793 4290 v,
813 4232 872 4280 ttt.
908 4273 911 4280 ,
986 4272 988 4278 ,
