2796 4958
551 689 601 750 0¹1

82 862 245 950 colligeret
267 860 435 928 thesauros
459 871 490 926 et
513 859 619 946 populi
642 877 772 924 rumore
795 856 967 925 duodecim
992 883 1086 948 prae-

80 971 177 1036 fuisse
201 967 336 1035 abbatiis
360 978 546 1055 argueretur
573 966 607 1052 ¹).
640 965 810 1042 Salomoni,
834 965 887 1053 qui
911 966 999 1033 solus
1023 969 1085 1037 lor·

79 1089 167 1142 tasse
196 1077 276 1141 inter
300 1073 488 1140 Germaniae
519 1077 691 1161 episcopos
724 1072 838 1159 ingenii
868 1075 1085 1160 magnitudine

80 1204 153 1249 eum
177 1181 338 1269 aequavit,
365 1195 517 1267 „propter
539 1180 633 1246 animi
657 1179 871 1262 acutissimam
895 1179 1085 1248 sollertiamu

79 1309 210 1376 semper
238 1286 447 1353 amicissimus
474 1285 530 1352 luit
560 1304 699 1372 eumque
726 1283 756 1347 iu
787 1282 961 1354 honoribus
985 1289 1086 1376 adipi-

79 1393 208 1462 scendis
232 1393 349 1481 adjuvit
367 1393 402 1477 ²).

168 1503 237 1567 Non
261 1499 359 1564 multo
385 1507 458 1584 post
480 1494 675 1561 Ludovicurn
700 1494 891 1583 baptizatum
908 1495 950 1561 ad
974 1517 1084 1585 regem

80 1605 285 1671 liatisbonam
308 1604 403 1690 legati
427 1621 532 1688 papae
557 1610 588 1666 et
610 1600 767 1688 primores
789 1601 885 1668 Italici
915 1604 1006 1690 regni
1031 1625 1086 1671 ve-

80 1721 208 1788 nerunt,
238 1730 309 1775 eum
335 1721 368 1774 ut
389 1709 505 1774 ltaliam
530 1727 549 1771 a
574 1707 714 1774 Widonis
738 1707 899 1774 dominatu
928 1707 1084 1790 liberaret,

81 1815 268 1881 admonituri
293 1815 327 1901 ⁸).
365 1817 477 1881 Parum
494 1814 578 1878 enirn
596 1815 786 1900 Berengario
803 1813 973 1900 prolueret,
998 1817 1085 1904 quod

79 1922 147 2006 regi
173 1919 364 2008 transalpino
387 1942 424 1987 sa
447 1919 639 2007 subjecerat,
663 1941 735 1986 cum
759 1941 789 1986 a.
803 1918 868 1986 889
892 1920 1019 1988 ineunte
1043 1923 1084 1990 ab

80 2028 205 2093 inimico
229 2026 348 2092 auxiliis
373 2025 480 2092 denuo
505 2048 544 2092 ex
569 2027 668 2092 Gallia
690 2026 852 2092 arcessitis
873 2039 967 2094 aucto
992 2030 1018 2115 ⁴)
1042 2031 1083 2096 ad

79 2134 226 2201 Trebiam
256 2131 383 2198 lluriunr
409 2134 435 2216 ¹)
473 2131 560 2198 lusus
605 2134 795 2220 fugatusque
836 2141 922 2197 trans
963 2135 1085 2201 Padum

81 2239 256 2326 confugere
286 2250 419 2306 coactus
448 2248 544 2305 esset.
588 2240 665 2303 Post
692 2238 773 2304 haec
802 2237 906 2317 „bella
929 2238 1087 2309 horribilia

79 2345 255 2434 cladesque
273 2344 533 2411 nefandissimae
556 2343 651 2411 italici
676 2344 820 2433 episcopi
845 2345 880 2427 ⁶),
903 2344 1008 2425 iidem,
1033 2351 1086 2436 qui

80 2466 175 2518 antea
199 2451 424 2538 aBerengario
448 2456 601 2517 steterant
626 2450 660 2536 ⁷),
688 2451 769 2516 inter
791 2450 875 2516 diem
899 2447 952 2518 12.
977 2464 1008 2518 et
1032 2455 1084 2523 21.

80 2558 242 2626 Februarii
264 2560 384 2624 mensis
409 2558 435 2643 ⁸)
459 2558 555 2624 Ticini
572 2569 789 2623 convenerunt
811 2568 844 2622 et
867 2576 978 2644 parum
1002 2561 1087 2628 solli-

78 2667 145 2745 citi,
175 2678 245 2731 uter
268 2665 388 2753 optimo
407 2665 479 2752 jure
501 2673 665 2751 regnaret,
696 2662 871 2730 dummodo
894 2663 959 2729 suis
983 2667 1084 2757 magis

77 2812 278 2828 ....--—--·

153 2869 177 2939 i)
214 2871 360 2922 Ekkebard.
378 2884 404 2933 p.
422 2873 464 2930 81,
485 2872 598 2920 stt-89.

150 2961 176 3023 2)
212 2959 359 3010 Ekkehard.
378 2972 404 3021 p.
427 2962 470 3020 78,
489 2961 530 3020 83,
551 2962 592 3009 88.

151 3049 176 3110 3)
212 3045 375 3107 Ann.Fuld.,
397 3049 458 3096 893.

151 3135 176 3200 t)
213 3137 309 3198 paneg.
327 3122 383 3184 uer.
402 3131 432 3186 11.
454 3136 593 3196 rio-rso
613 3132 661 3184 cn.
678 3132 697 3193 1,
718 3134 776 3184 trs.

150 3225 175 3287 5)
211 3224 304 3287 Paneg.
319 3222 427 3285 bereng.
441 3223 471 3284 ti,
492 3225 540 3271 tto
560 3223 696 3286 „Campus
711 3226 768 3274 erat
782 3221 883 3274 dudum
902 3224 989 3276 studio
1009 3227 1085 3277 dam-

70 3316 156 3362 -naius
180 3307 289 3376 iniqu0“
315 3308 440 3373 (propter
463 3311 592 3374 proelium
616 3311 651 3361 ibi
674 3311 707 3360 ab
728 3312 872 3363 Hannibale
891 3314 1087 3378 commissum).

70 3401 174 3471 liutpr.
193 3399 254 3450 Aut.
272 3399 290 3461 1,
313 3403 353 3461 tt,·
375 3402 415 3450 19.

151 3484 177 3555 6)
213 3488 333 3538 widonis
352 3489 422 3552 regis
441 3489 534 3538 eiectio
554 3501 596 3550 ap.
615 3487 691 3535 Pertz
709 3487 787 3550 Legg.
807 3487 826 3552 i,
847 3490 907 3538 551.

151 3576 176 3637 7)
212 3575 244 3625 ib.
266 3590 291 3640 p.
311 3581 360 3626 555
381 3576 466 3639 „ipsis
484 3577 596 3639 denique
616 3573 709 3623 diebus
729 3576 804 3637 quasi
819 3576 852 3626 ad
866 3578 969 3626 eertum
983 3577 1086 3641 signum

77 3667 307 3726 supervenerunt,
332 3668 375 3729 qui
392 3678 441 3728 pro
460 3664 512 3712 hoe
531 3677 626 3728 regno,
651 3665 679 3710 ut
708 3661 756 3711 sibi
772 3664 893 3714 volentes
913 3664 1085 3728 nolentesque

74 3752 286 3814 adsentiremus,
312 3753 389 3802 minis
414 3752 526 3802 diversis
552 3753 579 3800 et
604 3751 773 3801 suasionibus
797 3753 916 3803 inretitos
940 3751 1035 3801 furtivo
1055 3765 1086 3804 ac

75 3839 256 3891 fraudulenter
275 3839 469 3890 adtraxerunt.“

150 3927 175 3987 8)
209 3928 351 3978 Widonam
370 3930 433 3991 post
451 3928 520 3978 diem
540 3930 580 3978 ta.
590 3927 722 3977 Februarii
742 3941 778 3978 m.
797 3928 909 3979 eiectum
929 3940 998 3988 esse,
1018 3940 1087 3991 pro-

76 4015 124 4065 hat
142 4014 229 4065 tabula
250 4019 339 4080 „regni
358 4019 384 4065 in
404 4017 472 4064 italia
491 4029 513 4064 a.
535 4019 547 4064 i
569 4017 596 4064 et
614 4016 656 4064 die
677 4019 708 4064 12
729 4016 762 4064 de
784 4029 877 4065 mense
896 4015 970 4065 Febr.
985 4017 1039 4065 ind.
1051 4011 1087 4067 8“

76 4101 108 4166 (i.
128 4116 150 4153 e.
171 4102 237 4166 890)
257 4106 318 4155 data
338 4119 378 4166 ap.
398 4101 550 4153 Tiraboscbi
571 4104 650 4152 storia
670 4101 696 4152 di
713 4101 858 4152 Nonantoia
878 4103 907 4163 ii,
929 4107 970 4152 ot.
995 4099 1088 4167 lmpe-

74 4192 149 4241 rator
170 4195 258 4244 autern
283 4193 367 4243 lactus
392 4197 434 4243 est
453 4193 494 4242 die
514 4195 556 4241 at.
575 4190 648 4242 Febr.
671 4194 720 4240 891
747 4204 787 4252 „a
809 4192 881 4255 regni
899 4193 925 4241 in
945 4192 1022 4256 italia,
1044 4187 1087 4242 1.“

75 4278 223 4340 (Boebnrer
241 4281 287 4330 No.
308 4285 385 4345 tait,
406 4279 499 4344 tarr).
881 4286 883 4291 '

862 4362 882 4427 i
