2796 4958
310 829 360 896 uei
394 830 539 916 exiguam
575 829 660 916 regis
693 829 824 902 creandi
848 829 1010 900 venisseut
1037 837 1181 914 partem,-
1202 837 1322 904 ‚creato

310 945 434 1012 tamen,
462 935 594 1002 simulac
617 956 671 1002 res
695 935 842 1002 coniecta
864 946 929 1014 est,
958 935 1041 1007 sicut
1063 934 1234 1013 concilium
1256 935 1323 999 hta-

312 1043 520 1129 guntiacense
537 1041 643 1120 docet,
664 1061 702 1108 se
725 1040 828 1108 statim
845 1041 1234 1128 subjecerunt.et‚quem
1255 1060 1323 1115 non

313 1147 485 1235 elegerant,
507 1148 549 1217 ad
571 1169 663 1216 suam
684 1147 796 1224 saltem
821 1148 1011 1217 uoluntatem
1030 1146 1123 1219 bonis
1138 1145 1325 1234 praeceptis

312 1273 431 1343 regere
456 1256 561 1321 conati
591 1266 679 1333 sunt;
710 1254 890 1340 complures
915 1273 1026 1322 eorum
1051 1254 1146 1329 etiam
1173 1273 1325 1340 magnam

315 1359 358 1443 ad
386 1361 545 1428 druuliam
576 1362 638 1428 vim
669 1359 858 1426 habuerunt.
910 1359 1001 1434 ,Haec
1031 1371 1138 1436 tamen
1168 1358 1278 1446 opinio
1306 1378 1326 1432 a

315 1487 394 1533 vero
425 1488 488 1533 non
519 1466 648 1543 muitum
678 1466 852 1540 abhorrere
883 1463 1021 1544 videtur,
1053 1486 1167 1552 regem
1195 1462 1327 1554 synodo

318 1586 495 1640 convocata
527 1569 695 1638 desideriis
727 1570 804 1646 cleri
839 1568 1043 1647 obsecutum,
1078 1572 1108 1636 in
1139 1592 1180 1637 eo
1211 1568 1327 1636 foedus

318 1690 429 1744 contra
459 1698 629 1765 procerum
659 1677 871 1763 arrogantiam
904 1697 977 1744 cum
1010 1677 1061 1743 illo
1092 1677 1215 1756 iniisse,
1253 1695 1326 1742 cum

316 1783 399 1849 baec
424 1784 524 1868 magis
548 1783 714 1870 magisque
738 1803 932 1849 accrescens
950 1782 1061 1870 ‚paullo
1085 1793 1159 1849 ante
1180 1779 1328 1870 Engilde·

318 1891 387 1956 onis
423 1890 659 1976 conspiratione
700 1888 875 1965 admodum
918 1888 1132 1976 periculosam
1167 1908 1205 1955 se
1242 1885 1329 1952 exhi·

267 2008 269 2011 ’
317 1992 449 2061 buisset.
493 1995 697 2082 Quapropter
719 1995 817 2069 missa
838 1995 1015 2073 celebrata,
1038 2006 1147 2082 patres
1169 1991 1329 2072 „secretis

318 2100 482 2188 palatinis’'
514 2102 734 2180 interfuerunt,
768 2101 929 2190 iidemque
960 2113 1074 2187 postea
1103 2100 1134 2165 in
1163 2097 1329 2167 consilium

319 2206 449 2274 adhibiti
470 2219 542 2273 sunt
564 2207 604 2294 ¹),
628 2208 757 2297 quando
775 2207 925 2284 ¹rtrnulius
945 2227 1053 2304 papae
1077 2226 1200 2272 morem
1224 2216 1342 2292 gestu·¹

318 2335 375 2388 rus
406 2313 553 2380 secundo
583 2333 657 2381 cum
687 2314 827 2389 exercita
859 2314 891 2380 in
915 2313 1032 2382 italiam
1062 2313 1123 2379 ivit.
1179 2309 1332 2400 Synodus

323 2440 418 2505 ergo,
443 2420 606 2506 Regincne
632 2432 713 2485 teste
731 2425 777 2504 ²),
806 2431 942 2498 „contra
966 2419 1138 2508 pterosque
1159 2416 1333 2495 seculares,

323 2527 376 2614 qni
411 2525 630 2600 auctoritatem
667 2526 888 2612 episcopalem
919 2527 1109 2603 imminuere
1142 2520 1332 2613 tentabant',

324 2643 535 2718 congregata,
565 2631 669 2698 multis
692 2631 805 2699 edictis
830 2632 989 2706 ecclesiae
1013 2636 1215 2703 securitatem
1238 2630 1333 2718 atque

322 2738 536 2824 integritatem
560 2739 701 2827 undique
724 2738 754 2803 in
780 2738 950 2805 discrimen
975 2737 1146 2807 adductam
1165 2735 1333 2808 restituere

327 2844 461 2921 studuit;
490 2844 531 2911 ad
556 2843 643 2933 quod
668 2844 829 2932 inceptum
854 2857 887 2911 ut
916 2857 1096 2932 promptum
1120 2841 1180 2915 sibi
1206 2840 1336 2909 afferret

326 2950 543 3038 adjumentum
568 2949 735 3037 pontifices
759 2971 880 3037 regern,
902 2971 1038 3038 „gnaros
1062 2962 1093 3015 et
1116 2947 1250 3015 idoneos
1270 2969 1336 3014 me-

328 3056 483 3121 diatores’'
507 3055 549 3122 ad
573 3076 646 3136 eum
671 3057 846 3136 mittentes,
867 3057 1018 3145 precibus
1040 3055 1229 3143 petiverunt.
1277 3054 1336 3132 Qui

329 3163 409 3227 inter
432 3173 569 3238 caetera,
593 3161 708 3249 quibus
731 3163 812 3229 t'otis
836 3183 947 3229 eorum
971 3161 1080 3229 libenti
1097 3162 1208 3235 animo
1225 3181 1338 3228 assen-

327 3268 478 3345 tiebatur,
515 3267 595 3334 baec
626 3268 672 3334 eis
705 3267 888 3354 respondit:
922 3269 1078 3348 „Habetis
1108 3289 1160 3333 me
1190 3266 1339 3334 omnibus

323 3376 489 3442 ecclesiae
514 3375 626 3441 Christi
655 3375 916 3452 aduersantibus
948 3385 980 3442 et
1009 3387 1115 3442 uestro
1145 3372 1338 3441 sacerdotali

328 3482 503 3555 ministeriu
519 3481 724 3548 renitentibus
740 3483 1011 3569 oppositissimum
1029 3481 1242 3548 bellatorem?
1265 3478 1341 3558 Qui-

329 3586 391 3654 bus
425 3587 686 3673 promissionibus
722 3589 790 3654 sreti
827 3601 935 3676 patres
971 3589 1072 3675 primo
1102 3606 1224 3674 vpreces
1259 3604 1341 3670 „pro

327 3696 448 3770 ¹unitate
472 3704 536 3758 tam
556 3693 632 3760 cieri
651 3717 752 3782 ,qnam
769 3696 898 3782 populi'
923 3695 1083 3773 miserunt,
1106 3705 1182 3767 tunc
1204 3690 1343 3779 presby-

333 3811 418 3877 tero,
447 3818 542 3885 quem
573 3797 672 3866 iaicus
704 3800 833 3887 qnidam
864 3812 1110 3878 excaecaverat,
1140 3799 1171 3865 in
1202 3795 1344 3869 medium

334 3906 507 3990 producto,
533 3955 552 3983 ‚,‚
562 3906 800 3991 perpendentes
824 3906 1082 3983 lamentationem
1104 3903 1264 3971 ieremiae
1288 3902 1345 3969 im·

334 4011 428 4098 pieri,
451 4032 562 4076 aurum
592 4011 774 4092 obscurari,
796 4012 921 4100 lapides
945 4013 1112 4081 sanctuarii
1136 4009 1178 4077 ab
1200 4007 1347 4076 hostibus

408 4251 433 4310 n
468 4251 532 4299 nnn
553 4251 641 4317 amc..
658 4258 725 4319 scs.
832 4254 859 4317 r)
892 4250 972 4320 hes,
989 4259 1053 4316 tut·
