2796 4958
192 785 371 853 Tbeotmari
395 788 424 863 ¹)
457 784 642 850 testimoniis
673 785 806 873 capillos
837 805 966 872 „usque
995 782 1037 849 ad
1073 784 1202 850 cutem”

193 890 365 960 abscidere
391 888 548 957 solebant
1150 892 1152 894 ’

284 997 347 1074 ld„
369 997 477 1064 lexim
500 996 608 1063 Zaltae
633 996 663 1063 in
687 1010 789 1084 regne
811 997 1015 1062 successisse
1038 995 1073 1081 ²).
1120 993 1203 1061 Gon·

191 1104 345 1170 stantinus
364 1108 395 1181 ⁸)
424 1114 530 1169 autem
561 1102 671 1181 tradit,
700 1124 761 1170 suo
793 1116 939 1191 tempore
961 1102 1001 1185 (a.
1024 1101 1102 1187 950)
1123 1100 1204 1168 Pha·

191 1208 287 1276 litnim
299 1209 459 1276 seniorem
474 1210 564 1277 laxis
576 1209 802 1277 consobrinum
815 1211 948 1298 Ungaris
963 1207 1152 1296 praefuisse.

280 1318 314 1382 ln
349 1315 507 1402 capitibus
542 1317 587 1384 53
605 1353 645 1368 -
662 1317 706 1382 ot
743 1327 856 1383 auctor
896 1326 1006 1383 noster
1040 1313 1204 1400 Regiuone

190 1421 328 1510 ejusque
352 1422 571 1488 continuatore
592 1421 730 1488 lontibus
752 1421 926 1509 praecipue
950 1441 1041 1496 usus,
1071 1419 1202 1507 expedi-

189 1528 296 1595 tiones
320 1529 532 1615 llngamrum,
556 1527 671 1617 quibus
694 1529 878 1602 Germania,
903 1526 998 1603 ltalia,
1022 1525 1123 1592 Gallia
1146 1525 1204 1592 de·

192 1640 335 1701 vastatae
365 1645 438 1700 sunt
467 1633 529 1701 hoc
560 1633 657 1701 modo
679 1646 800 1701 namet:
830 1633 936 1721 Caput
956 1633 1001 1702 53
1025 1653 1131 1719 paene
1152 1627 1203 1700 to·

190 1751 258 1806 tum
282 1760 322 1806 ex
342 1741 504 1826 Reginoue
529 1740 569 1824 (a.
587 1740 665 1828 901)
689 1742 883 1829 exscriptum
907 1750 972 1819 est;
997 1739 1072 1806 dum
1096 1750 1204 1808 autem

191 1847 244 1913 hic
266 1846 462 1933 Stephanum
495 1846 633 1913 Walonis
663 1846 792 1914 fratrem
823 1869 866 1925 „a
897 1846 1059 1936 quodam’'
1090 1847 1204 1915 dolose

193 1951 391 2019 interiectum
415 1973 491 2019 esse
514 1950 617 2030 tradit,
641 1952 692 2019 ille
715 1973 789 2019 eum
812 1975 849 2031 „a
873 1954 1014 2042 quodam
1037 1939 1204 2040 Hungaro”

192 2079 383 2146 percussum
408 2079 481 2124 esse
505 2057 590 2124 dicit.
626 2058 836 2125 Admirandus
860 2072 909 2124 est
930 2080 1010 2126 sane
1034 2076 1125 2126 amor
1145 2077 1204 2145 pa-

192 2165 273 2233 triae
291 2165 446 2254 anonymi
467 2165 583 2242 susat,
612 2165 665 2253 qui
689 2185 730 2230 ne
752 2187 776 2230 a
801 2165 969 2233 mendaeio
992 2164 1124 2254 quidem
1142 2162 1206 2231 ab·

194 2270 319 2349 horret,
343 2283 376 2337 ut
400 2271 532 2356 Ungaris
556 2269 637 2336 hanc
660 2269 791 2357 gloriam
815 2270 970 2351 vindicet,
992 2269 1081 2359 quod
1105 2269 1205 2336 homi·

193 2399 267 2445 nem
291 2389 387 2445 noctu
419 2377 472 2455 „in
496 2379 651 2442 secessu’'
683 2376 877 2445 residentem
907 2378 1022 2464 sagitta
1048 2387 1206 2443 venenata
1264 2378 1266 2382 ’

193 2483 385 2550 necaverint.
428 2482 539 2571 Capite
562 2481 605 2548 st
631 2504 679 2562 ea,
703 2504 787 2572 quae
811 2485 1011 2552 continuator
1033 2483 1205 2571 Reginonis

193 2610 253 2678 per
277 2587 358 2655 duos
382 2609 482 2655 annos
506 2588 639 2675 digessit
659 2590 846 2676 (909,910),
869 2592 900 2656 in
923 2613 1019 2657 unum
1043 2587 1204 2656 contraxit

195 2699 227 2761 ln
263 2714 290 2761 c.
318 2695 361 2761 55
395 2715 468 2760 cum
501 2696 697 2781 Ungarorum
731 2694 825 2762 clade
855 2717 885 2762 a.
909 2696 975 2763 913
1011 2694 1053 2761 ad
1083 2696 1206 2759 Aenum

196 2812 341 2887 accepta,
365 2801 440 2866 Lelu
465 2814 497 2867 et
521 2801 613 2866 Bulsu
636 2801 835 2889 supplicium,
859 2800 945 2889 quod
970 2811 1044 2888 post
1067 2819 1205 2886 pugnam

192 2910 425 2994 dugustensem
450 2927 477 2972 a.
503 2906 568 2974 955
593 2907 708 2975 laetam
734 2929 808 2974 esse
832 2907 997 2974 annalibus
1021 2905 1207 2992 Sangallen-

195 3012 286 3078 sibus
317 3023 405 3079 certe
429 3014 562 3091 seimus,
598 3014 767 3102 conjunxit.
823 3017 918 3093 lum,
952 3009 1207 3102 expeditionibus

196 3141 352 3186 annorum
374 3121 440 3186 ott
465 3132 496 3185 et
518 3121 583 3186 917
609 3120 758 3199 confusis,
782 3121 973 3208 Ercbangeri
998 3132 1030 3186 et
1046 3115 1207 3184 Rertlroldi

196 3246 327 3304 necem,
364 3247 458 3313 quam
489 3225 549 3292 sub
579 3226 696 3293 eodem
720 3249 803 3296 anno
832 3228 862 3292 in
887 3226 1122 3293 continuatione
1146 3224 1208 3288 Re·

196 3331 319 3418 ginnnis
338 3332 462 3409 invenit,
486 3353 545 3400 suo
563 3333 715 3400 arbitratu
731 3334 861 3420 Ungaris
876 3332 1053 3418 adscripsit.
1085 3326 1208 3394 Deinde

197 3439 301 3525 pergit
322 3438 379 3504 ita:
417 3439 514 3516 „Hinc
537 3447 579 3518 (a,
603 3437 686 3516 917)
716 3459 793 3504 vern
818 3439 957 3526 egressi,
989 3436 1152 3504 Franciam
1177 3443 1209 3500 et

198 3544 329 3610 Galliam
361 3556 620 3632 expugnaverunt
648 3544 904 3624 (devastatione
936 3545 1007 3612 anni
1031 3543 1096 3610 aad
1122 3541 1211 3628 cogi-

197 3661 276 3727 tat),
311 3661 344 3716 et
375 3650 449 3715 dum
482 3651 555 3717 inde
579 3652 717 3718 victores
741 3664 989 3731 reverterentur,
1023 3671 1062 3715 ex
1092 3647 1211 3712 insidiis

198 3756 361 3822 Saxonum
384 3777 499 3844 magna
521 3768 629 3844 strage
654 3760 816 3846 perierunt
838 3758 895 3838 (de
918 3759 978 3824 hac
1002 3771 1108 3842 strage
1133 3775 1158 3818 s.
1182 3773 1212 3818 a.

274 3955 299 4012 1)
338 3955 441 4003 Boczek
460 3953 520 4003 cod.
539 3954 599 4015 dipl.
619 3968 685 4004 mor.
704 3956 722 4017 l,
743 3961 775 4006 6⁰
799 3969 890 4018 „more
910 3969 1003 4006 eorum
1030 3956 1054 4015 (i.
1080 3967 1103 4004 e.
1121 3951 1214 4015 linga-

198 4040 301 4102 rorum>
319 4043 406 4104 capita
428 4054 539 4091 suorum
558 4043 869 4102 pseudochristianorum
889 4046 994 4107 penitus
1014 4032 1214 4095 detonderunt*

200 4129 246 4181 cfr.
264 4127 393 4181 waronz
412 4129 443 4194 ll,
465 4134 496 4180 39
516 4143 541 4193 p.
562 4132 621 4179 tot.

274 4222 300 4282 a)
337 4221 424 4268 nst.
533 4211 558 4280 a)
596 4223 682 4269 aso.
