2796 4958
660 607 734 669 181

190 787 433 855 numerantem,
461 773 613 853 Gtadum,
643 775 777 843 Geinum
808 776 886 843 atius
915 798 1048 864 prorsus
1078 781 1205 867 ignotos

191 882 358 953 substituit
401 885 502 949 Porro
523 881 566 948 ab
590 901 631 949 eo
667 883 746 950 saiso
769 893 950 951 narrantur:

284 991 324 1067 1.,
347 990 500 1076 [ingeres.
523 1008 606 1076 quos
631 1008 651 1053 a
672 988 848 1055 Patzinacis
870 990 902 1055 iu
925 990 1069 1056 exsilium
1092 989 1203 1078 pulsos

192 1115 284 1172 eme,
316 1094 455 1172 scimus,
483 1114 523 1160 ex
552 1092 685 1183 Scythia
714 1115 866 1180 egressos
894 1116 987 1173 esse,
1016 1098 1092 1185 quia
1118 1110 1204 1165 terra

195 1199 448 1282 „multitudinem
471 1199 661 1286 populorum
684 1198 757 1265 inibi
781 1215 1007 1288 generatorum
1029 1203 1204 1272 osculere

191 1303 381 1383 sufficiebat,
402 1325 465 1371 noo
487 1305 630 1392 capere'’
655 1304 690 1388 ¹).

279 1411 322 1488 2.,
345 1412 503 1497 (lagaros,
534 1412 656 1476 timum
680 1422 803 1496 patrem
826 1412 953 1500 Arpodii
976 1413 1113 1501 primum
1136 1414 1204 1482 eie·

192 1517 284 1606 gisse
307 1515 425 1582 docem
445 1518 483 1601 ¹).
517 1517 740 1584 Constantinus
763 1517 791 1601 ⁸)
813 1531 920 1586 autern
945 1520 1045 1600 tradit,
1067 1518 1204 1586 Saimut·

191 1644 264 1690 aem
284 1622 414 1708 Arpadii
444 1636 610 1710 parentem
640 1647 736 1691 uuum
770 1636 889 1692 tautum
913 1645 954 1693 ex
978 1638 1107 1714 septem
1135 1623 1203 1694 illo·

190 1750 262 1796 rum
291 1725 454 1795 boebodis
477 1729 588 1810 fuisse,
620 1731 712 1818 eujus
735 1730 818 1799 filius
847 1731 977 1800 demum
1009 1732 1129 1821 primus
1159 1729 1202 1800 ub

190 1836 229 1905 iis
252 1832 317 1900 dux
338 1847 467 1901 creatus
490 1848 550 1902 est

281 1941 323 2016 3.,
355 1939 515 2006 Cumanos
548 1944 680 2012 saeculo
708 1946 746 2010 tx
776 1945 843 2032 J'am
879 1943 909 2009 in
944 1940 1203 2011 meridionalibus

190 2048 369 2116 Sarmatiae
398 2047 541 2133 parebas
571 2049 734 2117 habitasse
756 2064 789 2116 et
811 2048 853 2115 ab
878 2050 1010 2136 Ungaris
1032 2049 1064 2113 in
1087 2046 1203 2115 ioedus

193 2155 338 2223 adscitos
361 2175 436 2220 esse
456 2154 497 2240 ⁴),
532 2157 724 2244 quibuscum
745 2175 859 2223 revers
880 2153 1013 2222 saeculo
1035 2155 1073 2222 tt
1096 2155 1201 2241 primo

192 2261 359 2348 congressi
384 2269 456 2325 sunt
477 2261 511 2346 ⁶).

284 2366 324 2445 4.,
355 2367 519 2433 Civitatem
554 2369 754 2435 Kieviensem
791 2366 923 2455 Ungaris
958 2364 1105 2434 tributum
1138 2363 1203 2433 soi·

191 2475 279 2540 visse
297 2472 340 2558 ⁸),
372 2494 467 2560 quam
502 2486 577 2542 tuno
609 2475 859 2563 potentissimam
894 2473 954 2561 ipsi
988 2493 1030 2540 ex
1059 2472 1203 2542 Nestoris

192 2580 373 2648 testimonio
397 2579 522 2668 profugi
545 2583 737 2649 transierunt
757 2580 792 2667 ¹).

282 2686 323 2763 5..
347 2686 498 2771 Ungaros‚
514 2684 815 2777 autequamproalia
827 2693 938 2750 contra
950 2682 1102 2770 Ruiguros
1114 2702 1203 2750 coru·

193 2792 367 2868 mitterent,
395 2791 511 2857 Nitram
542 2793 696 2882 oppidum
727 2803 762 2857 et
789 2790 953 2876 regionem
984 2786 1118 2856 vicinum
1148 2807 1202 2854 ex-

193 2916 357 2986 pugnasse
376 2897 411 2982 ⁸).
448 2899 609 2966 Pannonia
632 2919 709 2965 vero
732 2896 773 2963 ab
797 2896 834 2962 iis
857 2893 970 2963 awti
994 2892 1123 2960 demum
1147 2909 1204 2959 oo-

194 3016 312 3091 cupata
341 3013 391 3069 est
413 3014 445 3068 et
476 3005 688 3073 meridionalis
711 3002 869 3070 Moraviae
900 3022 976 3090 pars
1004 2999 1074 3067 siue
1104 2996 1202 3066 dubio
1285 3018 1296 3035 ·

193 3122 342 3196 tempore
371 3109 549 3194 posteriori.
606 3114 639 3177 in
670 3132 710 3179 eo
746 3129 876 3198 quoque
905 3120 1018 3175 auctor
1045 3117 1204 3175 nosteru

127 3226 151 3287 Ε
182 3215 431 3295 ,νοποθδθιτεμ
454 3215 543 3302 quod
566 3216 640 3284 duci
663 3216 876 3284 Bobemorom
898 3214 982 3280 hano
1004 3223 1121 3279 terrum
1145 3208 1204 3276 ob·

195 3321 427 3409 temperavisse
458 3321 534 3388 dicit
563 3344 669 3412 noque
699 3320 874 3408 intelligere
905 3338 1053 3406 possum,
1087 3335 1144 3382 cur
1172 3313 1204 3381 iu

195 3429 276 3494 locis
308 3426 350 3493 ab
386 3427 518 3515 Ungaris
554 3431 657 3517 primo
692 3425 880 3514 expugnatis
915 3421 958 3489 de
993 3418 1205 3500 „infidelibus”

191 3533 341 3621 loquatur
361 3536 402 3614 9).

274 3768 301 3835 t)
338 3787 361 3824 c.
384 3772 753 3837 inmundiciarum).
843 3771 868 3832 t)
906 3785 929 3821 o.
950 3773 964 3819 t
984 3758 1091 3830 (ΜΒ.)

271 3860 296 3923 a)
334 3864 419 3911 nas.
529 3861 554 3922 t)
590 3865 748 3912 nti-10.

271 3942 298 4013 5)
335 3949 420 3999 Zeuss
441 3949 483 3999 die
502 3949 656 4000 Deutseheu
675 3965 700 4002 u.
720 3950 776 4000 ihre
793 3945 1027 3998 Naohbarstimme
1046 3955 1072 4006 p.
1092 3940 1142 3991 rto
1162 3936 1210 3990 oir.

198 4036 355 4089 Nestoret
378 4036 519 4087 Sohtoezer
537 4036 578 4098 ttt,
601 4040 661 4086 tas.
771 4033 798 4097 s)
833 4048 858 4085 e.
879 4038 902 4085 9.

275 4123 301 4186 t)
339 4125 628 4187 Nestor.1tt,p.1os,
653 4127 710 4174 tur.
800 4124 826 4185 8)
864 4122 1038 4173 nat-tr.

268 4211 295 4271 9)
343 4214 547 4274 utinm.
