2796 4958
190 805 275 870 nium
299 801 434 890 partium
455 799 561 868 studio
582 802 686 869 alieno
704 800 866 880 discimus,
890 804 944 891 qui
964 803 1005 872 ad
1024 825 1098 872 eum
1119 807 1217 894 prin-

192 910 328 996 cipalem
352 905 465 974 sedem
488 907 577 994 regui
609 907 716 992 „juste
741 918 774 972 et
795 909 908 977 merito
940 912 1132 996 provenisse
1157 933 1217 979 us·

194 1016 307 1090 serit‚“
339 1012 412 1100 quia
435 1012 523 1078 solus
547 1010 803 1092 „haereditarius
829 1013 908 1080 illius
932 1051 976 1065 -
1001 1027 1070 1083 erut
1092 1019 1126 1082 in
1153 1038 1218 1104 pa·

195 1133 285 1186 terna
308 1123 431 1203 parte.“
454 1151 499 1166 -·
518 1117 544 1203 ¹)

205 1275 208 1279 .
285 1221 466 1288 Redeamus
496 1242 579 1289 nunc
611 1222 651 1288 ad
677 1222 779 1290 Caroli
801 1226 838 1289 lll
865 1226 1069 1314 imperatoris
1097 1225 1216 1295 ultima

195 1330 258 1396 lata
282 1339 314 1394 et
337 1328 459 1396 exitum.
512 1328 611 1415 Hujus
634 1331 719 1395 euim
743 1330 815 1403 viri,
841 1331 931 1414 cujus
959 1333 1073 1398 unicae
1099 1352 1217 1415 paene

195 1436 325 1500 virtutes
349 1434 451 1519 pietas
476 1444 508 1498 et
531 1433 699 1501 clementia
722 1457 742 1501 a
765 1433 869 1500 multis
893 1436 1103 1524 scriptoribus
1129 1438 1216 1503 satis

196 1537 414 1608 collaudantur
430 1539 458 1624 ²)
480 1539 679 1625 temporibus
703 1540 759 1606 illis
779 1539 964 1626 turbulentis
984 1542 1051 1628 jam
1075 1541 1215 1609 minime

196 1644 380 1712 sufficientis
410 1646 581 1712 auctoritas
613 1666 673 1730 per
695 1666 808 1710 omnes
831 1646 954 1732 imperii
978 1659 1087 1733 partes
1110 1648 1215 1715 valde

196 1761 265 1817 erat
281 1749 479 1827 labefactata,
501 1755 690 1836 praesertim
715 1771 754 1816 ex
778 1770 822 1818 eo¹
839 1750 900 1828 die,
925 1773 989 1839 quo
1011 1753 1215 1839 iniquissima

196 1876 279 1944 pace
297 1857 484 1922 Normannis
506 1856 639 1921 Frisium
663 1855 833 1922 concessit.
877 1858 990 1945 Neque
1012 1857 1073 1923 alio
1096 1859 1213 1936 modo,

195 1983 291 2050 qoam
316 1960 390 2027 dolo
415 1972 447 2028 et
467 1959 654 2047 proditioue
678 1960 822 2027 hostibus
847 1983 918 2029 eam
936 1983 1055 2037 ,rursus
1079 1964 1213 2051 eripere

195 2068 303 2156 potuit.
348 2069 379 2132 ln
404 2054 667 2152 Germania'ipsa
690 2068 777 2132 rixae
801 2087 972 2153 procerum
996 2088 1109 2156 regem
1134 2071 1211 2137 nibil

194 2172 401 2262 pendentium
422 2191 465 2236 co
489 2183 716 2256 proruperunt,
741 2184 774 2238 ut
797 2184 947 2240 cruentas
967 2175 1213 2243 summitterent

195 2299 319 2368 pugnas
343 2288 375 2342 et
398 2273 477 2341 alter
499 2275 626 2341 alterius
648 2288 750 2345 terras
774 2278 837 2365 igni
862 2288 894 2342 ct
918 2277 1024 2364 gladio
1046 2292 1210 2360 vastaret;

195 2385 268 2451 talia
295 2392 386 2447 erant
416 2381 589 2446 certamina
611 2381 757 2450 tritonis
787 2394 819 2449 et
848 2382 981 2448 filiorum
1006 2385 1154 2452 Guilelmi
1180 2403 1212 2454 et

196 2486 391 2575 lingilscalci
409 2505 492 2572 quaa
512 2507 610 2573 supra
629 2491 968 2567 commemoravimus;
990 2489 1064 2557 talia
1076 2491 1210 2580 Poppo·

194 2597 243 2661 nis
267 2591 389 2659 comitis
412 2591 589 2678 Thuringici
613 2604 645 2657 et
669 2593 816 2678 Eginonis
848 2595 971 2659 comitis
994 2597 1137 2662 Francici
1169 2600 1210 2683 (m

193 2698 260 2768 882
279 2734 322 2748 —
341 2695 421 2782 883)
438 2697 480 2783 ⁸)·;
518 2697 550 2761 in
572 2696 658 2762 Italia
688 2697 779 2762 Wido
810 2698 874 2764 dux
895 2699 1076 2787 Spoletinus
1105 2704 1209 2790 maje

194 2806 267 2874 stati
300 2802 455 2890 imperiali
489 2813 601 2887 aperte
635 2805 823 2889 repugnavit
853 2815 885 2869 et
918 2826 981 2871 non
1009 2815 1075 2870 tam
1107 2809 1207 2876 armis

194 2918 362 2997 superatus
384 2927 479 2993 quam
501 2907 627 2972 veniam
649 2905 838 2973 delictorum
862 2909 1035 2994 impetrans
1059 2912 1091 2975 in
1115 2914 1205 3000 regis

194 3014 326 3102 gratiam
349 3010 456 3086 rediit;
488 3011 624 3097 populus
655 3023 687 3076 et
716 3012 820 3080 clerus
843 3016 1003 3081 Romanus
1034 3037 1094 3082 suo
1120 3017 1208 3084 arbi-

195 3131 274 3185 tratu
290 3117 359 3183 sine
374 3116 574 3202 imperatoris
588 3135 751 3183 consensu
768 3139 887 3205 papam
903 3119 963 3185 sibi
982 3119 1150 3207 elegerunt
1169 3122 1206 3209 ⁴).

193 3226 226 3290 ln
248 3226 413 3289 Franciam
444 3219 695 3299 occidentalem,
727 3225 816 3311 cujus
846 3236 944 3310 caput
972 3226 1095 3291 Lutetia
1117 3229 1208 3295 Puri·

264 3398 290 3467 t)
327 3403 417 3452 Asseri
437 3403 490 3451 vita
509 3399 603 3451 illiredi
623 3416 664 3465 up.
684 3403 805 3465 Bouquet
823 3404 887 3466 Vlll,
908 3409 951 3455 99.

261 3483 287 3554 ²l
324 3489 495 3540 Erobanberti
516 3491 613 3539 contin.
633 3491 652 3538 i.
670 3491 687 3538 l.
706 3491 824 3539 nominet
849 3503 912 3542 curn
935 3494 1205 3554 „mansuetissimum

191 3574 348 3637 liarolum;“
374 3576 470 3639 Regino
490 3589 513 3626 a.
535 3581 598 3625 888:
625 3578 705 3638 „Fuit
729 3591 795 3628 vero
816 3578 859 3628 hic
877 3580 1110 3632 christianissimus
1128 3586 1204 3646 prin-

191 3676 274 3728 ceps,
297 3663 383 3712 Deum
401 3665 510 3725 timens,
535 3666 563 3714 et
579 3664 704 3714 mundata
725 3665 784 3726 ejus
803 3679 837 3715 cx
858 3669 912 3716 toto
934 3669 1016 3719 corde
1035 3671 1203 3734 custodiens,

190 3750 376 3804 ecelesiasticis
396 3751 577 3802 sanctionibus
596 3752 769 3802 devotissime
787 3765 894 3816 parens,
913 3756 940 3803 in
954 3756 1134 3820 eleemosynis
1146 3759 1205 3819 Le·

189 3851 248 3905 gns,
267 3837 376 3887 orationi
395 3841 423 3886 et
440 3839 602 3900 psalmorum
620 3838 739 3888 melodiis
756 3840 936 3893 indesinenter
945 3844 1059 3909 deditus,
1079 3844 1203 3898 laudibus

188 3929 235 3978 Dei
257 3921 445 3987 infatigabiliter
463 3926 589 3985 intentus,
613 3939 720 3975 omnem
739 3937 815 3990 spem
834 3933 861 3979 et
878 3931 1015 3980 consilium
1035 3943 1114 3982 suum
1133 3932 1203 3985 divi-

188 4026 239 4065 nue
258 4013 447 4074 dispensationi
467 4011 668 4062 committens.“
688 4037 723 4048 -

256 4094 282 4165 3)
320 4102 386 4150 Αηη.
405 4097 477 4147 Fuld.
498 4111 520 4146 a.
542 4101 601 4160 882,
623 4103 684 4151 883.
704 4127 735 4138 -
845 4134 850 4147 .

254 4186 278 4250 t)
317 4189 372 4235 ,tun
401 4185 472 4234 Fuld.
493 4184 556 4235 Pars
576 4185 614 4237 lV.
636 4201 660 4238 a.
680 4191 740 4238 885.
