2796 4958
533 1224 857 1317 Praefatio.

191 1551 304 1669 Multa
327 1612 400 1668 sunt
423 1622 462 1668 ac
485 1599 586 1679 varia,
615 1618 699 1687 quae
723 1598 753 1664 in
774 1599 1025 1686 praefationibus
1056 1603 1098 1670 ad
1122 1625 1199 1696 oap-

194 1709 321 1777 taodam
357 1708 485 1774 lectoris
520 1705 792 1784 benevolentiam,
826 1719 882 1774 aut
916 1706 957 1773 ad
993 1709 1198 1798 mitigandam

189 1816 306 1902 judicis
342 1816 561 1889 severitatem,
596 1833 615 1877 a
650 1813 859 1898 scriptoribus
891 1816 1049 1901 praemitti
1079 1819 1198 1887 solent:

192 1923 369 2009 argumenti
388 1917 590 1986 difficultates
614 1938 807 2004 permagnas
832 1941 923 1996 esse,
953 1932 987 1987 et
1009 1944 1093 2010 quea
1116 1926 1198 1992 vinci

192 2028 402 2114 nonpossint,
432 2028 458 2093 si
482 2027 566 2091 vires
589 2025 727 2090 auctoris
750 2046 814 2090 non
844 2025 1061 2108 suffecissent,
1089 2033 1199 2098 volun-

191 2147 289 2202 tatem
314 2146 346 2201 et
369 2133 561 2220 diligentiam
585 2141 692 2196 tameo
714 2129 893 2195 laudandas
915 2152 999 2211 esse,
1029 2157 1092 2202 non
1116 2160 1198 2224 opus

194 2243 280 2306 omni
304 2260 437 2305 numeru
462 2237 652 2324 perfectum,
683 2234 742 2300 sed
770 2245 931 2302 tentamen
956 2259 1014 2304 seo
1045 2245 1202 2310 exercita-

193 2348 311 2413 tionem
324 2343 486 2431 quandam
502 2341 616 2429 ingenii
627 2340 807 2428 legentibus
823 2338 938 2420 offerri,
959 2344 1019 2411 alia
1032 2347 1199 2434 ejusmodi.

193 2454 260 2540 Ego
285 2472 362 2517 vero
386 2471 499 2516 omnes
523 2448 581 2514 bas
604 2448 836 2525 exeusationes
867 2469 951 2535 quae
973 2471 1073 2538 grave
1095 2457 1200 2523 existi·

193 2558 323 2623 matonis
342 2555 496 2643 judicium
519 2555 620 2620 tenire
643 2553 826 2641 nequibunt,
851 2553 1026 2623 fautoribus
1049 2562 1129 2627 meis
1155 2567 1201 2628 in·

193 2662 368 2729 veniendas
392 2662 581 2748 relinquens,
604 2660 787 2747 priusquam
810 2681 877 2725 rem
894 2661 996 2748 ipsam
1020 2669 1200 2754 aggrediar,

194 2770 225 2835 id
248 2768 335 2857 quod
360 2768 391 2832 in
413 2767 476 2833 hoo
500 2765 655 2853 opusculo
672 2767 870 2851 propositum
891 2768 963 2833 mibi
981 2788 1038 2851 est,
1062 2772 1201 2842 dilucide

151 2916 154 2923 ·
195 2889 291 2964 atque
315 2886 427 2961 aperte
451 2871 631 2960 significare
655 2871 736 2948 volo,
760 2892 801 2935 ne
826 2874 896 2961 quis
921 2875 1014 2940 nimia
1033 2893 1201 2965 exspecta·

195 2984 280 3048 tione
310 2980 440 3045 fallatur.
486 2979 554 3043 Nou
586 2978 670 3043 enim
702 2976 882 3044 dissertatio
916 2980 1020 3048 alieno
1050 3004 1201 3055 sermone

196 3086 387 3173 conscripta,
410 3083 451 3152 ad
474 3082 685 3150 enarrandam
708 3081 858 3149 historiae
881 3085 990 3172 popuii
1008 3092 1105 3156 nostri
1128 3114 1203 3180 par.

194 3205 259 3258 tem
284 3194 374 3259 loeus
399 3192 580 3279 aptissimus
605 3210 679 3256 esse
702 3191 789 3256 visus
811 3201 874 3267 est,
905 3196 1097 3278 praesertim
1128 3191 1201 3268 eum

196 3302 233 3366 iis
259 3299 465 3385 temporibus,
496 3296 611 3384 quibus
640 3295 777 3362 maxime
808 3309 839 3363 et
863 3297 1037 3367 diutissime
1069 3325 1202 3392 operam

197 3404 289 3482 dedi,
320 3424 519 3492 magnopere
543 3402 731 3474 etiamnunc.
762 3413 795 3466 ut
819 3405 934 3469 veritas
964 3410 1130 3477 recondita
1160 3413 1202 3481 ab

198 3509 368 3585 erroribus,
391 3511 422 3574 in
446 3510 561 3597 quibus
583 3508 729 3596 plerique
741 3521 914 3587 versantur,
936 3508 1096 3591 liberetur,
1120 3539 1202 3606 opus

197 3617 245 3682 sit.
305 3615 416 3702 Itaque
455 3636 538 3703 quae
574 3615 604 3679 in
646 3613 854 3702 sequentibus
895 3615 1065 3702 legentium
1102 3626 1202 3692 ocutis

198 3720 377 3798 ostendam,
401 3741 463 3785 non
489 3719 602 3786 domus
626 3721 723 3788 instar
747 3733 846 3799 erunt,
870 3720 910 3786 ad
925 3743 1039 3813 omnes
1057 3727 1203 3799 utilitates

198 3831 382 3918 plenissime
407 3845 446 3891 ao
471 3824 681 3911 pulcherrime
705 3828 891 3904 instructae,
924 3849 1033 3895 verum
1062 3832 1203 3919 lapidum

199 3949 318 4002 tantum
343 3935 392 4000 vei
418 3932 570 3999 materiae
595 3931 636 3997 ad
660 3933 742 4000 illam
767 3933 1000 4000 aedificandam
1025 3946 1203 4008 necessari·

200 4064 300 4120 orum,
325 4063 416 4130 quae.
441 4039 525 4105 mola
550 4038 612 4103 utili
636 4039 677 4105 ab
702 4040 798 4106 inutili
812 4052 948 4119 secreta,
971 4041 1141 4113 ferrumine
1165 4071 1204 4116 ex

199 4169 310 4221 rerum
329 4159 440 4214 natura
464 4145 602 4212 maxime
627 4143 745 4211 idoneo
775 4146 935 4234 quaesito,
964 4145 1151 4220 firmissimis
1174 4168 1206 4222 et

986 4253 1001 4325 t
