2796 4958
327 861 491 928 inserviret
513 854 708 934 commodis,
734 855 902 924 widonem
927 855 1076 936 decreto,
1099 858 1187 947 duod
1209 857 1252 925 ad
1278 879 1336 924 no-

327 982 392 1034 stra
421 965 566 1053 pervenit
594 974 740 1050 tempora
770 982 880 1051 regern
905 972 1103 1032 creaverunt
1145 964 1210 1031 ltali
1234 965 1337 1052 igitur,

326 1075 408 1141 sicut
426 1071 544 1137 caeteri
562 1069 670 1158 populi
686 1070 792 1155 lingua
812 1070 953 1136 Romana
971 1072 1087 1137 rustica
1108 1082 1235 1137 utentes
1257 1082 1336 1138 tune

329 1201 347 1248 a
373 1177 504 1267 regibus
527 1177 596 1243 sine
616 1177 689 1263 jure
712 1175 925 1243 haereditario
946 1176 1055 1244 electis
1071 1177 1242 1265 gubernari
1257 1197 1336 1245 coe-

327 1294 457 1376 perunt,
486 1285 540 1372 qui
570 1285 600 1350 in
628 1285 704 1350 oleri
734 1281 956 1351 benevolentia
980 1283 1117 1350 menime
1140 1294 1334 1373 potestatem

327 1401 517 1481 posuerunt,
542 1393 616 1459 dum
641 1390 748 1458 clerici
772 1389 829 1477 ipsi
854 1410 964 1455 eorum
989 1390 1102 1456 auxilio
1125 1397 1237 1458 'contra
1261 1412 1335 1479 par-

326 1498 417 1567 vulos
441 1509 602 1587 tyrannos,
624 1496 738 1585 quibus
761 1495 936 1563 admodum
953 1496 1156 1577 vexabantur,
1181 1497 1333 1586 indigent.

327 1604 423 1684 Quod
447 1623 486 1670 ex
510 1604 706 1690 praeceptis,
736 1622 820 1689 quae
843 1601 1033 1669 sacerdotes
1055 1604 1151 1669 Ticini
1173 1603 1335 1671 dederunt

327 1723 361 1778 et
385 1732 425 1776 ex
448 1708 621 1797 promissie
645 1728 729 1796 quae
744 1706 837 1773 Wido
860 1707 897 1773 iis
921 1707 1006 1786 iecit
1029 1709 1166 1777 dilucide
1187 1724 1333 1799 apparet.

327 1819 430 1883 Primo
456 1816 554 1893 enim,
577 1836 616 1881 se
640 1824 753 1880 eontra
774 1833 835 1880 eos
858 1834 935 1900 „per
958 1835 1041 1903 quos
1065 1814 1252 1896 homicidia,
1280 1837 1334 1882 sa-

328 1922 467 2010 crilegia,
490 1921 601 2008 rapine
627 1931 659 1988 et
689 1931 798 1986 cetera
823 1919 964 1986 iecinora
987 1929 1189 2008 perpetrata“
1212 1937 1334 1996 essent.

327 2037 543 2117 congregatos
575 2047 649 2094 esse
679 2025 829 2114 praelati,
860 2037 894 2092 ot
917 2028 1080 2093 Romanae
1100 2028 1262 2096 ecelesiae
1285 2029 1333 2095 di-

327 2138 430 2225 gnitas
446 2154 485 2200 ac
503 2134 604 2200 decus
627 2136 844 2211 sustineretur,
867 2133 1113 2220 postulaverunt,
1134 2147 1200 2202 tum
1215 2148 1251 2204 ut
1270 2137 1336 2224 pri-

325 2241 440 2329 vilegia
462 2251 494 2306 et
522 2237 747 2326 possessiones
770 2239 963 2327 singulorum
986 2242 1215 2329 episcoporum
1236 2241 1332 2322 „abs-

325 2369 389 2436 que
410 2343 623 2434 quorumlibet
643 2365 813 2431 pravorum
833 2345 995 2412 hominum
1016 2348 1131 2434 injusta
1145 2349 1334 2416 vexatione‘

240 2489 243 2495 -
326 2454 448 2539 integra
468 2460 704 2538 permanerent.
748 2451 875 2528 Quanta
899 2465 973 2519 tunc
995 2453 1157 2521 latrocinio
1181 2457 1277 2522 etiem
1302 2455 1332 2520 in

327 2559 414 2625 ltalia
437 2557 581 2625 exerceri
603 2555 759 2634 solebant
784 2577 822 2623 ex
845 2559 1023 2625 canonibus
1046 2561 1081 2626 Vl
1098 2571 1131 2628 et
1145 2562 1194 2628 l’il
1213 2562 1332 2653 synodi

325 2663 499 2732 Tieinensis
523 2662 744 2750 perspicimus,
768 2663 883 2751 quibus
906 2675 938 2729 et
958 2665 1105 2733 ministris
1125 2669 1223 2756 regiis
1244 2670 1333 2748 „sine

326 2769 598 2860 depraedationeu
629 2789 689 2835 suo
714 2771 871 2835 contentis
893 2769 1052 2858 stipendio
1075 2773 1211 2860 paeiliee
1232 2795 1334 2863 agere

324 2886 534 2965 praeceptum
555 2884 586 2940 et
609 2874 652 2953 iis,
675 2875 728 2962 qui
744 2876 785 2941 ad
808 2876 923 2964 placite
945 2878 1151 2946 convenirent
1173 2901 1214 2947 ne
1238 2902 1332 2968 „per-

326 2991 525 3048 transeuntes
549 2981 578 3046 in
603 2981 680 3047 villis
709 3001 766 3047 seu
791 2981 967 3050 civitatibus
996 2985 1157 3072 rapinam‘
1178 2987 1333 3068 lacerent,

326 3086 525 3153 interdictum
551 3098 608 3152 cst.
644 3086 804 3154 lohannes
820 3090 854 3154 tx
877 3110 1007 3178 quoque
1031 3113 1115 3179 papa
1138 3092 1170 3161 in
1194 3095 1331 3162 coneilio

325 3195 467 3260 Romano
501 3212 529 3259 a.
559 3191 626 3260 808
661 3191 769 3260 habito
796 3195 820 3279 ¹)
855 3214 913 3261 eos
945 3218 1051 3284 poena
1086 3199 1241 3280 multavit,
1276 3201 1332 3290 qui

325 3300 463 3367 obeunte
493 3300 636 3366 Romano
669 3299 822 3386 pontifice
851 3301 1002 3388 palatium
1032 3306 1248 3372 Laterenense
1281 3306 1333 3373 di·

323 3409 428 3495 ripere
452 3405 609 3483 solerent,
641 3405 715 3471 dum
747 3429 828 3482 „non
852 3406 953 3473 solum
978 3409 1007 3474 in
1033 3410 1102 3498 ipso
1126 3409 1332 3500 patriarchio,

323 3513 383 3579 sed
407 3514 501 3579 etiam
525 3525 586 3600 per
608 3516 705 3579 totam
731 3514 887 3578 civitatem
913 3525 945 3580 et
967 3515 1150 3584 suburbana
1169 3522 1239 3605 ejus
1258 3519 1330 3585 talis

320 3606 498 3686 baechatur
535 3619 781 3708 praesumptio.“
833 3620 964 3688 Praeter
1001 3644 1082 3711 quos
1117 3623 1330 3712 praedatores

279 3782 282 3787 .
320 3725 518 3793 domesticos
549 3735 633 3791 terra
664 3725 738 3791 item
762 3725 804 3791 ab
828 3730 944 3794 exteris
972 3727 1119 3798 afflictata
1150 3741 1214 3809 est,
1246 3743 1280 3798 et
1309 3753 1330 3800 e

323 3831 455 3898 Graecis
478 3829 727 3917 saracenisque,
757 3832 809 3919 qui
841 3832 955 3901 damna
983 3836 1015 3902 ei
1047 3837 1162 3904 inlerre
1188 3837 1332 3903 aemula·

319 3935 435 4003 bantur
463 3944 495 4000 et
523 3955 541 4000 a
571 3935 720 4000 militibus
743 3937 886 4005 Widonis
911 3939 1037 4009 Gallicis
1065 3940 1220 4009 mercede
1250 3964 1331 4011 eon-

321 4041 432 4122 duetis,
458 4051 566 4106 contra
593 4062 727 4130 quorum
751 4043 943 4115 vastationes
968 4060 1075 4136 patres
1099 4050 1144 4132 iis,
1167 4072 1187 4117 a
1211 4051 1328 4138 quibus

317 4191 515 4205 *uun-0¹·-

388 4281 415 4341 t)
450 4295 491 4343 up.
508 4281 583 4332 Pertz
603 4283 678 4347 legg.
698 4287 715 4349 l,
738 4291 787 4337 tot
808 4303 865 4340 ean.
886 4292 926 4340 ll.
