2796 4958
541 655 615 722 llll

68 825 188 895 naiium
212 825 485 895 Alamannicomm
516 827 752 895 continuatione
782 827 906 915 aequali
934 827 1079 907 hausisse

67 933 194 1001 videtur
221 936 263 1020 ¹),
292 933 447 999 certiores
478 953 537 999 nos
569 932 652 1001 iacit.
705 934 748 1000 lix
776 938 867 1022 cujus
896 935 1077 1002 narratione

67 1040 214 1107 Amulius
238 1039 481 1125 „berengarium
507 1042 711 1124 perterritum
735 1040 776 1105 ad
801 1040 997 1109 deditionem
1022 1063 1076 1106 vo·

67 1145 219 1224 niualem,
241 1164 440 1232 regnumque
460 1164 629 1230 pervasum
648 1145 751 1211 ltaliae
775 1145 964 1212 reddentem
973 1148 987 1169 ”
1008 1169 1076 1214 sus·

68 1250 164 1336 cepit,
188 1271 327 1338 quocum
351 1249 471 1336 optime
492 1251 647 1327 convenit,
674 1250 762 1338 quod
788 1252 917 1321 annales
940 1252 1075 1319 Fuiden·

66 1377 121 1422 ses
152 1377 228 1423 cum
258 1355 360 1423 solum
390 1366 517 1423 vertere
546 1366 694 1421 coactum
730 1377 805 1422 esse
842 1356 1020 1444 significant
1038 1360 1075 1445 ²).

65 1461 179 1549 ltaque
194 1463 312 1530 ltaliam
335 1464 536 1549 superiorem
558 1461 621 1526 hoc
645 1463 743 1529 modo
767 1475 941 1548 receptam,
966 1485 1022 1530 rex
1043 1466 1074 1532 iu

66 1566 149 1649 duas
173 1570 354 1654 provincias
376 1569 489 1635 Addua
521 1567 637 1633 divisas
667 1568 709 1635 ita
732 1567 897 1646 distribuit,
929 1581 961 1636 ut
984 1572 1070 1637 ocei-

65 1673 186 1741 deutali
218 1673 429 1763 liaginlredus
448 1674 492 1760 ⁸),
529 1674 570 1740 de
601 1695 665 1762 quo
702 1695 800 1760 supra
832 1674 900 1760 jam
930 1675 1074 1757 diximus

65 1779 210 1847 orientali
223 1780 413 1849 Waltlredus
430 1781 513 1847 vassi
537 1781 606 1865 ejus
630 1780 748 1846 ditione
768 1779 958 1866 amplificata
979 1802 1074 1868 prae·

65 1897 186 1953 essent.
231 1886 287 1953 llic
311 1886 395 1952 enim
419 1886 479 1964 vir,
509 1907 604 1973 quern
628 1884 669 1952 ab
693 1906 776 1952 anno
799 1884 865 1952 877
890 1889 1074 1957 comitatum

64 1991 283 2059 veronensem
313 2000 443 2058 strenuo
472 1991 710 2057 administrasse
738 1991 869 2061 chartae
900 1993 1019 2061 docent
1038 1997 1074 2081 ⁴),

63 2096 140 2164 licet
162 2098 389 2184 berengarius,
418 2098 469 2164 cui
497 2097 539 2164 ad
563 2095 707 2163 Trebiam
732 2117 804 2163 cum
830 2100 920 2164 3000
944 2103 1072 2168 armatis

63 2201 209 2271 subsidio
238 2205 323 2270 venit
347 2210 393 2282 ⁵),
423 2223 564 2269 marcam
590 2201 836 2288 Forojuliensem
868 2205 898 2269 ei
927 2205 1074 2272 tradidis-

62 2323 114 2375 set
136 2314 168 2388 ‘)
189 2322 287 2398 atque
311 2330 384 2376 eum
408 2308 548 2384 „summi
569 2308 734 2375 consiliarii
752 2327 791 2374 ac
816 2307 922 2374 dilecti
943 2307 1046 2379 fidelis
1056 2312 1072 2344 '’

62 2414 138 2482 ioco
161 2425 287 2482 teneret
305 2418 342 2503 ἴ),
370 2435 456 2480 nune
479 2426 585 2481 tamen
609 2413 715 2481 subito
739 2414 781 2479 ad
804 2415 964 2483 Amulium
988 2428 1072 2485 tran·

62 2521 120 2586 siit„
166 2522 251 2588 italie
275 2532 382 2587 autem
403 2519 577 2607 cispadana
602 2531 725 2606 pacata,
747 2541 805 2587 rex
826 2521 949 2588 Padum
971 2534 1073 2595 trans·

61 2645 197 2712 gressus
212 2625 402 2693 Placentiam
426 2627 578 2714 pervenit,
599 2625 652 2692 ubi
676 2627 868 2714 ingilberga
891 2628 1071 2715 imperatrix

64 2733 307 2819 consanguinea
330 2733 416 2819 ejus,
440 2745 514 2798 tunc
536 2730 699 2797 abbatissa
722 2731 905 2799 monasterii
927 2733 970 2799 St
995 2735 1071 2801 Sixti

61 2848 94 2901 et
112 2837 157 2902 St
173 2836 310 2914 Fabiani,
333 2850 365 2906 ut
385 2837 444 2903 sibi
464 2839 494 2903 in
518 2837 605 2902 lestis
626 2837 669 2901 St.
686 2837 836 2902 Martinae
853 2835 968 2903 diebus
988 2859 1073 2905 mer·

61 2955 168 3009 cetum
200 2942 321 3011 babere
350 2944 475 3020 liceret,
506 2941 628 3028 rogavit
652 2944 699 3019 ⁰);
737 2943 827 3029 cujus
864 2942 926 3009 voti
956 2954 1071 3030 postea

59 3101 263 3119 nam—nunq-

79 3229 89 3238 .
136 3192 164 3253 rt
204 3192 455 3255 err.eentzSS.V‚
475 3195 518 3244 os.
670 3185 697 3258 e)
734 3196 834 3245 0000.

133 3277 160 3346 0)
199 3280 248 3332 eir.
265 3278 330 3346 Lupi
348 3283 411 3334 cori
429 3282 490 3344 dipl.
506 3282 581 3345 Berg.
597 3277 617 3342 1,
640 3284 716 3331 luit.

131 3366 158 3432 l)
197 3369 319 3433 Hymnus
344 3384 394 3434 pro
419 3369 549 3421 idolardo
577 3370 706 3432 episcopo
728 3369 824 3418 Veron.
847 3363 904 3432 (ap.
927 3370 1068 3427 baronium

59 3454 102 3505 ed.
119 3455 225 3507 Lucens
244 3457 270 3507 Τ.
291 3458 343 3508 XV.
360 3472 387 3522 p.
408 3455 470 3519 080)
488 3454 790 3522 „FletqueWuliredum
810 3459 933 3507 eumdem
954 3458 1066 3520 Verona,

58 3541 126 3592 Cum
146 3543 308 3595 suburbanis
324 3546 469 3608 viculisque
488 3545 598 3605 eunctis,
617 3543 693 3602 Quod
710 3544 779 3605 lupis
791 3548 888 3612 'saevis
911 3548 1020 3608 puteant
1042 3551 1069 3596 et

57 3629 107 3690 ipsi
126 3629 198 3681 Ense
216 3631 351 3695 repulso“.
385 3633 547 3695 Subscripsit
562 3631 616 3693 iam
636 3646 658 3680 0.
678 3634 728 3680 870
755 3631 874 3682 electioni
893 3633 978 3682 Caroli
997 3633 1068 3683 Calvi

59 3714 210 3781 (Boebmer
228 3715 311 3782 ltus)
330 3719 560 3780 clnlloebmete,
583 3724 643 3781 ille,
664 3721 732 3779 92⁵3
752 3718 846 3767 litarat.
865 3723 949 3783 antiq.
966 3721 986 3784 l,
1008 3726 1066 3772 titt.

131 3798 159 3869 0)
193 3801 289 3870 Peneg.
307 3807 417 3871 Bereug.
434 3804 465 3866 ll,
488 3811 531 3856 70.

130 3885 157 3956 0)
193 3891 252 3942 lam
271 3907 295 3943 a.
313 3896 363 3944 888
384 3895 510 3958 „illuster
529 3895 645 3946 marchio
654 3890 670 3917 ‘⁴
690 3890 723 3941 ab
743 3904 776 3942 eo
795 3896 956 3960 appellatur,
973 3896 1067 3950 liurai.

55 3977 141 4042 Auiiq.
162 3977 204 4041 Vl,
225 3982 276 4030 eli
295 3979 439 4044 (Boebmer
459 3981 569 4044 laea).¹

131 4059 157 4132 7)
192 4067 331 4129 Boebmer‚
352 4072 430 4131 lesa,
452 4070 528 4118 liei.

130 4151 157 4212 8)
194 4152 286 4217 Campi
306 4156 417 4207 Historia
436 4157 461 4206 di
487 4155 613 4205 Placenzu
632 4152 657 4217 l,
684 4158 733 4203 llil
754 4155 822 4218 Dipl.
840 4157 900 4205 lirn.
919 4158 1006 4218 „Dum
1032 4162 1066 4210 ed

55 4237 144 4290 limina
163 4239 208 4291 bb.
225 4245 338 4305 apostol.
354 4245 421 4294 Petri
445 4248 472 4294 el
490 4244 560 4294 Pauli
584 4247 782 4294 reverteremus
805 4247 832 4292 et
851 4244 1006 4295 Placentiam
1033 4248 1066 4297 ad

817 4327 862 4390 9*
