2796 4958
565 630 617 709 88

87 804 310 901 suppeditavit
356 807 480 876 Deinde
509 808 550 874 ab
574 807 714 885 rlrnullo,
743 807 785 874 ad
815 829 911 896 quem
940 811 1092 879 Bemlrart

85 920 160 984 dum
185 917 282 984 filiurn
306 932 380 981 com
404 912 588 980 muneribus
613 915 703 993 misit,
726 914 876 981 nonnulla
898 916 1032 1003 praedia
1043 917 1093 982 lll-

86 1025 265 1091 lamannica
289 1020 422 1106 recepit
446 1015 533 1083 unde
555 1034 608 1084 res
629 1018 673 1084 tid
698 1021 779 1087 vitae
802 1042 895 1086 usum
909 1023 1093 1088 neccssaria

84 1131 115 1194 ei
139 1138 347 1215 suppeterent
369 1130 409 1204 ¹).
453 1125 520 1190 Nec
543 1123 641 1190 multo
664 1137 739 1211 post
759 1125 812 1192 die
828 1127 879 1195 13.
896 1149 936 1193 m.
953 1126 1091 1192 Ianuarii

86 1251 114 1299 a.
139 1237 204 1298 888
225 1239 257 1311 ²)
285 1232 379 1298 totius
411 1231 605 1295 Francorum
635 1228 757 1315 imperii
786 1231 914 1298 ultimus
943 1230 1093 1298 dominus

85 1339 239 1424 Nidingae
263 1337 473 1422 (Neidingen)
494 1333 521 1419 ⁸)
551 1331 666 1398 morbo
695 1355 872 1420 oppressus
899 1335 977 1403 obiit
1007 1349 1040 1402 et
1062 1337 1093 1401 in

86 1434 232 1530 tugiensi
257 1441 452 1509 monasterio
482 1428 625 1523 sepultus
654 1448 718 1514 esc
755 1450 852 1524 quem
878 1446 979 1507 testes
1008 1440 1093 1506 haud

86 1547 265 1633 locupletes
300 1541 528 1630 strangulatum
571 1560 645 1606 esse
685 1543 859 1610 retulerunt
876 1548 916 1624 ⁴).
974 1546 1095 1611 Omnes

89 1662 196 1716 autem
220 1649 394 1736 scriptores
418 1667 537 1724 eornm,
562 1665 645 1733 quae
657 1646 828 1734 aliquando
848 1660 960 1716 contra
972 1660 1096 1736 patrem

90 1765 293 1842 peccaverat,
315 1764 349 1818 et
372 1763 455 1840 qnae
477 1751 624 1838 populns,
648 1769 689 1818 eo
712 1767 776 1819 non
800 1753 999 1841 prohibente,
1022 1769 1097 1841 pas

88 1874 143 1925 sus
168 1872 247 1934 erat,
268 1859 482 1934 immemores
505 1867 627 1922 tantum
650 1858 756 1931 mitem
780 1871 812 1924 et
832 1860 1004 1946 patientem
1030 1857 1096 1923 anl-

88 1984 174 2031 mum
196 1964 352 2039 admirati,
376 1979 441 2051 qno
460 1961 642 2049 repentinas
665 1963 860 2030 calamitates
879 1963 1038 2031 tolerabat
1060 1966 1096 2050 ⁸),

91 2080 123 2135 et
146 2070 258 2147 cultus,
282 2079 377 2156 quern
402 2072 471 2135 D‘e'o
493 2080 525 2133 et
548 2067 707 2134 ecclesiae
729 2067 868 2134 tribuere
889 2068 1023 2146 solebat,
1046 2083 1098 2137 ie-

91 2175 230 2250 008818ιί,
260 2175 335 2261 quin
363 2192 422 2261 pro
452 2172 571 2238 amisso
602 2187 704 2258 regno
733 2184 860 2238 terreno
891 2174 921 2238 in
951 2175 1043 2240 coelo
1067 2176 1098 2240 in

92 2290 257 2345 aeternum
287 2278 385 2346 beate
408 2277 516 2342 vivere
539 2275 568 2340 ei
591 2291 783 2342 concessum
805 2287 893 2343 esset
913 2293 977 2344 non
1007 2278 1099 2345 dubi*

77 2389 237 2451 'taverunt
258 2387 298 2465 ⁸).
342 2380 514 2450 Allamanni
536 2389 613 2446 vero
636 2432 652 2460 „
660 2379 774 2468 quibus
787 2382 923 2452 maxime
934 2384 1099 2469 negotium

90 2489 139 2554 sui
162 2489 252 2576 regni
276 2485 416 2553 habebat
439 2488 670 2554 commissum“
692 2489 722 2567 ⁷)
755 2485 840 2552 inviti
863 2499 896 2555 et
912 2499 1034 2576 ⁴riia'gna
1058 2500 1098 2556 ei

92 2605 183 2680 parte
208 2593 312 2660 coacti
334 2607 418 2657 novo
443 2593 511 2680 regi
533 2614 570 2659 se
592 2590 798 2672 ‘dediderantt
827 2592 914 2680 quod
939 2608 979 2659 ex
1002 2608 1100 2662 anna·

91 2698 172 2764 libus
196 2697 416 2765 Alamannicis
436 2699 466 2776 ⁸)
497 2709 627 2786 quoque
657 2696 777 2775 elucet,
808 2697 877 2784 ejus
906 2697 1098 2767 electionem

92 2802 139 2868 his
176 2803 282 2869 verbis
310 2790 526 2869 tradentibus:
571 2786 753 2878 ..Arnullus'
769 2801 1015 2870 immanissimus
1042 2819 1100 2872 rex

94 2908 266 2973 elevatur‘'.
1131 2910 1133 2914 '

143 3119 194 3183 l)
230 3120 336 3186 nepae,
357 3112 416 3170 88i.

165 3202 194 3273 a)
227 3207 330 3260 reorot
349 3209 412 3273 nug.
430 3207 446 3258 1.
463 3208 487 3271 r.
506 3200 613 3258 catena.
629 3196 743 3260 aenei.
760 3209 811 3271 tt,
828 3208 929 3262 remor.
948 3211 1033 3260 rrum.
1047 3210 1061 3260 r.
1075 3211 1099 3272 t,

92 3297 196 3347 Neorol.
224 3291 461 3348 laureshamense
481 3287 526 3358 ap.
543 3297 678 3347 schannat
699 3296 850 3348 vindemiae
877 3299 1016 3349 litterariae
1041 3299 1102 3348 col-

91 3383 169 3435 lectio
189 3383 206 3444 l,
225 3396 252 3446 p.
269 3389 302 3434 aa
322 3397 361 3449 sq.
388 3386 454 3434 Ann.
480 3384 552 3434 Fuld.
574 3385 601 3434 P.
619 3385 648 3435 v.
672 3397 696 3435 a
718 3378 794 3435 887(
815 3385 927 3448 Regino,
952 3387 997 3448 qui
1020 3385 1102 3435 hebet

93 3470 177 3532 pridie
196 3471 233 3521 ld.
254 3472 311 3522 ian.
329 3468 515 3522 emendandus
535 3468 584 3521 est.
604 3497 636 3509 -

165 3553 194 3622 t)
230 3558 326 3610 Herim.
343 3565 409 3622 Aug.
429 3573 453 3609 a.
473 3563 538 3620 888;
563 3555 664 3624 Regino
684 3561 745 3608 888.

166 3644 194 3708 l)
230 3644 326 3696 llerim.
344 3648 408 3711 lug.
426 3647 441 3696 l
460 3646 484 3709 l..
502 3631 570 3696 dnn.
589 3645 706 3710 vedast,
724 3648 775 3695 887
801 3645 912 3698 carolus
931 3645 1013 3698 fertur
1035 3675 1062 3688 -
1080 3663 1101 3700 a

94 3734 152 3782 suis
171 3734 358 3797 strangulatus.

164 3820 194 3884 8)
230 3821 337 3885 Regino,
359 3824 409 3871 888
429 3820 499 3871 hano
517 3818 722 3885 (probationem)
746 3824 776 3872 ut
796 3821 893 3885 lerunt,
912 3824 1102 3886 patientissime

94 3907 223 3960 toleravit.

167 3993 196 4058 8)
233 3995 331 4060 Regino
350 3995 366 4046 l.
384 3994 407 4056 l.,
427 3996 493 4046 dnn.
510 3991 576 4048 Ved.
596 4000 661 4060 8⁸75
687 3998 753 4050 Ano.
775 3999 845 4050 Fuld.
864 3999 891 4048 Ρ.
910 3998 940 4060 V,
962 4002 1020 4048 887.

167 4083 194 4142 i)
231 4080 602 4136 summittentem.
679 4079 709 4150 8)
744 4099 785 4149 ap.
805 4087 879 4136 Perta
898 4084 944 4136 SS.
962 4081 982 4148 1,
1003 4091 1043 4137 88.
1068 4113 1096 4124 -
