2796 4958
763 617 838 681 10⁸

297 830 378 925 regni.
405 861 539 912 uchristi.
621 862 705 913 incus.

556 964 767 978 ᾖ

327 1015 356 1082 u.
397 1015 542 1104 ternu)

331 1589 349 1618 2,
406 1544 537 1613 sinedie
585 1548 741 1636 (worma-

620 1656 701 1742 ciue)

312 3611 315 3615 .
391 3561 543 3650 enutrit)

181 3753 184 3758 ,
323 3677 353 3742 9.
391 3671 469 3758 Aug.
492 3669 540 3737 13.
573 3673 747 3741 Foucheim.

295 4279 765 4299 μ

784 1017 1021 1107 archiepiscopi
1067 1015 1217 1085 abbatiae
1255 1015 1305 1081 ut

789 1145 923 1212 wangae
951 1125 1058 1192 omnia
1079 1120 1241 1211 privilegia
1264 1141 1303 1198 nc

789 1232 963 1318 praecipue
982 1232 1035 1319 jus
1059 1229 1183 1296 abbatis
1202 1227 1303 1294 libere

789 1337 935 1425 eligendi.
991 1335 1153 1402 Wirtemb.
1184 1333 1304 1399 Urkun-

789 1442 885 1510 denb.
907 1444 928 1522 1,
951 1444 1023 1511 196.
1048 1442 1146 1529 Liinig
1167 1441 1212 1517 111,
1230 1439 1304 1505 116.

788 1547 957 1616 confirmat
985 1548 1145 1615 ecciesiae
1167 1544 1304 1611 Tullensi

787 1656 983 1743 privilegium
1009 1655 1180 1743 antiquum,
1203 1650 1304 1717 nuin-

788 1760 834 1829 fra
857 1773 1005 1851 quattuor
1024 1762 1135 1828 leucas
1157 1757 1199 1825 ab
1223 1756 1304 1823 urbe

787 1869 916 1935 munitio
938 1869 999 1935 ulla
1013 1868 1197 1935 collocetur.
1220 1865 1303 1931 Βου-

788 1988 864 2065 quet
885 1976 930 2053 lx,
954 1973 1029 2042 367.
1053 1975 1133 2062 (sine
1156 1970 1261 2056 anno).

788 2081 886 2149 dunat
910 2081 1071 2149 Ludovico
1084 2081 1216 2147 Bosonis
1229 2079 1303 2160 fitin,

789 2201 889 2255 matre
918 2186 1137 2276 Hirmiugarde
1166 2189 1305 2252 interve-

789 2297 907 2368 niente.
959 2293 1113 2383 quasdam
1160 2293 1303 2361 civitates

788 2423 859 2470 curn
874 2401 1093 2489 adjacentibus
1106 2401 1197 2488 pagis
1210 2420 1229 2465 a
1243 2401 1304 2465 un-

788 2508 873 2575 dnlso
886 2527 1068 2596 possessas.
1083 2508 1213 2593 Regino,
1226 2504 1302 2572 894.

785 2613 880 2681 trudit
915 2614 1108 2681 monasterio
1141 2609 1303 2679 Gnndeus-

787 2721 941 2787 heimensi
980 2742 1039 2809 per
1082 2721 1302 2786 interventum.

789 2828 870 2894 Otae
884 2827 1028 2914 conjugis
1046 2837 1077 2892 et
1089 2825 1302 2913 Hildegardae

789 2935 892 3021 neptis
916 2955 995 3000 sune
1032 2934 1060 2999 in
1099 2930 1300 3011 beneficium,

788 3040 937 3130 quicquid
964 3038 1073 3105 habuit
1095 3039 1124 3103 in
1150 3036 1247 3104 Crufft
1272 3052 1304 3104 et

787 3148 817 3214 iu
842 3146 1044 3215 Celechheim
1067 3156 1099 3211 ct
1122 3145 1152 3210 iu
1166 3144 1301 3210 Blinzithi

786 3254 815 3319 iu
828 3254 977 3320 comitatu
991 3249 1185 3317 Ermeniridi.
1209 3250 1304 3317 Leib-

787 3360 846 3426 nitz
881 3359 1027 3446 scriptor.
1063 3357 1301 3424 Brunsvicensie

786 3466 944 3533 illustrant.
969 3469 1002 3544 ΙΙ,
1015 3465 1089 3530 373.
1116 3465 1196 3530 Ertr.
1220 3465 1301 3549 (sine

785 3573 888 3656 anno).

785 3675 952 3744 confirmat
983 3676 1210 3743 monasterium
1244 3697 1304 3763 pu·

786 3782 915 3849 ellurum
938 3782 980 3849 ab
1005 3781 1177 3869 Hildeburg
1206 3781 1302 3848 nobili

787 3890 902 3957 semina
927 3901 959 3956 et
980 3887 1136 3955 Fulcurdo
1165 3887 1303 3978 presby-

785 4005 854 4060 tero
877 3996 906 4060 in
930 3995 1003 4061 loco
1027 3992 1248 4060 Mollenbeclre
1273 3996 1302 4058 in

786 4121 870 4186 pugn
885 4100 1063 4187 Oeterburg
1078 4098 1240 4165 conditum
1255 4099 1303 4163 id-

787 4225 851 4294 que
880 4204 910 4272 iu
933 4224 1025 4271 suum
1049 4200 1183 4294 suscipit
1213 4227 1305 4271 ruun-
