2796 4958
674 612 724 686 to

197 797 333 865 nomm'’
357 805 418 864 eto.
463 797 574 882 Neque
603 789 645 859 ad
676 793 821 880 Ungams
850 790 933 860 haee
962 791 1062 858 verba
1091 789 1208 857 reterri

197 914 348 992 possunt,
377 902 430 990 qui
459 901 612 968 terminos
635 898 805 964 Franoieos
827 911 904 964 tune
927 898 1068 965 nondum
1090 896 1206 984 attige-

197 1023 281 1087 rant,
313 1028 422 1097 neque
450 1008 492 1074 ad
522 1007 683 1080 lloravos,
717 1001 816 1070 fidem
850 1004 1050 1073 christianam
1078 1002 1204 1091 jamdiu

199 1116 367 1183 confessos
391 1124 423 1180 et
445 1132 560 1199 pacem
585 1123 650 1177 tum
674 1110 830 1177 habentes

287 1219 439 1298 amellos,
463 1216 555 1285 natali
568 1217 692 1285 Domini
708 1218 738 1283 in
754 1216 935 1282 Alamannia
950 1226 1033 1290 aeto,
1056 1214 1099 1282 ad
1120 1213 1204 1280 lines

199 1325 369 1392 orientales
391 1345 429 1391 se
450 1324 590 1403 contulit,
612 1324 667 1391 ubi
689 1324 911 1410 Snatoplucns,
939 1334 974 1388 nt
997 1342 1059 1409 pax
1082 1340 1203 1388 nonve

199 1431 288 1510 niret,
311 1429 353 1497 ad
377 1443 567 1498 conventum
590 1452 628 1497 se
656 1427 757 1495 affore
787 1429 984 1516 promiserat.
1029 1426 1096 1495 Sed
1127 1446 1203 1494 enm

199 1535 250 1603 hio
272 1557 309 1602 se
332 1548 498 1604 venturum
521 1559 596 1604 esse
619 1547 761 1623 negaret,
783 1533 925 1601 Amulius
948 1532 1156 1622 Hengistieldi
1176 1536 1203 1616 ¹)

198 1663 273 1710 enm
294 1642 505 1723 Brazlawone‚
529 1643 696 1710 Slavoniae
718 1640 803 1707 duce
826 1640 1034 1730 colloquutus‚
1062 1659 1137 1706 eum
1161 1660 1202 1706 eo

198 1747 240 1815 de
266 1749 500 1835 opportunitate
531 1760 564 1815 et
592 1748 713 1814 ratione
736 1745 811 1813 belli
840 1744 1028 1815 deliberavit
1055 1765 1096 1813 ao
1126 1765 1200 1813 enm

197 1852 297 1920 tribus
320 1853 512 1920 exercithus
534 1856 565 1918 in
576 1852 747 1921 lloraviam
759 1853 877 1920 intrare
890 1852 1034 1923 decrevit
1050 1850 1088 1939 ²)
1125 1853 1201 1930 Qni-

197 1978 271 2025 nam
294 1957 334 2023 illi
357 1970 424 2024 tres
447 1960 605 2027 exercitus
628 1958 758 2037 luerint,
789 1960 863 2047 qnia
886 1981 926 2027 ex
948 1958 1106 2026 annalium
1129 1957 1201 2023 Ful-

198 2063 343 2132 densium
366 2066 547 2132 narratione
568 2086 633 2132 non
654 2065 731 2131 satis
755 2074 851 2152 patet,
875 2066 925 2132 alii
940 2065 1115 2153 scriptores
1137 2063 1200 2130 alio

197 2170 295 2238 modo
325 2171 486 2259 explicare
515 2181 723 2238 tentaverunt.
768 2168 840 2237 Mihi
874 2182 980 2238 tamen
1010 2191 1050 2237 ex
1084 2168 1201 2237 subse·

197 2277 365 2367 quentibns
395 2278 534 2345 auctoris
562 2274 684 2352 verbis,
718 2295 830 2363 regem
862 2277 1057 2364 „assumptis
1086 2294 1200 2342 seeum

194 2384 333 2462 Francis,
352 2383 512 2470 Baioariis,
534 2382 728 2448 Alamannis”
750 2394 862 2450 contra
884 2381 994 2449 hostes
1014 2382 1117 2459 ivisse,
1142 2402 1200 2469 ap-

197 2490 315 2557 tissima
340 2488 518 2576 explanatio
543 2509 618 2555 esse
646 2486 779 2567 videtur,
803 2509 876 2555 eum
899 2488 1097 2556 diversarum
1120 2507 1200 2574 gen·

159 2601 162 2607 '
194 2597 272 2662 tium
295 2596 382 2661 acies
407 2595 601 2662 exercituum
624 2595 753 2660 nomine
770 2593 958 2675 distinxisse,
981 2595 1063 2661 sicut
1084 2615 1114 2660 a.
1130 2593 1199 2662 894

196 2701 238 2769 de
261 2700 402 2768 exercitu
424 2699 627 2767 alamannico
657 2700 801 2789 loquitur.
848 2699 926 2767 Cum
949 2699 998 2767 his
1026 2700 1120 2789 igitur
1143 2721 1200 2768 oo·

195 2809 255 2897 piis
283 2827 340 2875 rex
369 2827 483 2872 mense
511 2805 592 2873 lulio
622 2827 650 2874 a.
680 2804 747 2874 892
774 2806 806 2872 in
835 2806 1003 2874 lloraviam
1035 2807 1199 2894 ingressus

195 2935 266 2981 eam
290 2934 350 3001 per
373 2923 520 3002 quattuor
544 2911 767 2979 hebdomadas
791 2913 948 3001 „Ungaris
971 2913 1065 2978 etiam
1078 2911 1198 2979 ibidem

194 3021 236 3087 ad
265 3039 303 3086 se
334 3038 406 3085 oum
438 3016 640 3103 expeditione
670 3017 893 3084 venientibus“
928 3017 1023 3086 loede
1056 3020 1197 3097 vastavit,

193 3125 252 3193 sed
277 3124 359 3191 siout
381 3122 538 3190 annalium
561 3123 684 3190 silentio
708 3121 847 3190 dilucide
870 3122 1105 3191 demonstratur
1127 3126 1197 3192 sine

194 3230 298 3319 aliquo
323 3239 438 3295 eventu
463 3229 493 3294 in
517 3229 651 3317 patriam
674 3228 767 3296 rediit
786 3234 826 3308 ⁸).
871 3227 918 3294 ld
940 3229 1092 3318 Bulgaros
1116 3253 1198 3322 quo-

194 3357 258 3428 que
281 3348 346 3402 tum
375 3333 585 3402 aVladimiro
616 3334 699 3402 duee
719 3336 746 3424 ⁴)
777 3334 974 3424 gubernatos
1003 3335 1196 3424 legationem

195 3462 255 3529 per
275 3441 388 3528 longas
412 3440 530 3507 viarum
547 3440 701 3530 ambages
725 3443 784 3508 iter
799 3440 968 3531 laoientem
992 3442 1199 3532 menseSep-

191 3545 306 3613 tembri
336 3546 434 3624 misit,
463 3567 547 3635 quae
576 3568 691 3635 paoem
721 3547 781 3615 sub
810 3545 973 3616 Lndovioo
1004 3546 1197 3617 Germanico

265 3768 292 3831 l)
328 3768 494 3832 Hengstberg
517 3783 601 3833 prope
622 3771 726 3821 thdon
754 3773 881 3835 oppidum
900 3773 1037 3838 styriense
1061 3786 1094 3823 ex
1112 3772 1198 3836 Kopi-

192 3857 248 3907 tarii
267 3857 421 3920 coniectura
443 3852 550 3922 (Glagol.
569 3858 680 3908 Clozian.
701 3872 727 3920 p.
744 3855 851 3925 Lllllll).
872 3886 902 3899 -

263 3944 289 4005 a)
324 3945 570 4007 nnn.1²u1a.,sea.
645 3938 671 4009 e)
707 3947 773 3995 nnn.
790 3948 880 4010 atam,
904 3952 965 3998 aaa.

263 4028 289 4098 t)
325 4035 391 4083 nnn.
409 4034 489 4096 Folo,
510 4038 571 4096 tet,
596 4033 653 4083 Vita
677 4036 710 4084 st.
729 4034 870 4085 Clementis
895 4035 936 4085 ed.
955 4031 1090 4088 llilrlosloh
1109 4051 1132 4088 o.
1154 4040 1195 4087 te.

188 4133 216 4182 p.
234 4123 275 4170 st.
308 4121 473 4172 Constantio.
500 4121 533 4172 de
559 4121 654 4172 admin.
672 4122 734 4183 imp.
756 4135 779 4172 o.
801 4126 842 4182 tt,
870 4124 913 4184 qui
939 4136 1001 4173 eum
1019 4125 1196 4177 Vlasfimirum

189 4213 277 4259 vocat.
300 4233 332 4245 -
