2782 4950
665 689 716 762 cl

189 865 382 940 deminutus,
406 862 446 926 ita
471 872 512 938 ot,
534 860 670 928 universi
694 862 801 948 populi
816 857 990 927 heribanno
1006 862 1108 949 magis
1127 883 1193 929 ma-

187 974 304 1060 gisque
328 967 508 1044 deficiente,
532 985 587 1032 rex
611 968 1079 1033 avassorumsucrumauxilio
1104 991 1189 1056 pror-

187 1099 243 1144 sus
267 1075 436 1162 penderet.
483 1072 613 1150 Clarus,
639 1071 691 1158 qui
718 1072 805 1137 solus
832 1071 942 1137 litteris
969 1071 1106 1138 imbutus
1135 1094 1191 1139 eas

187 1181 366 1269 posteritati
396 1177 537 1252 tradidit,
576 1176 719 1263 quemvis
749 1196 768 1242 a
799 1175 957 1243 nobilibus
988 1178 1191 1264 praediorum

188 1288 258 1374 ejus
284 1285 409 1373 cupidis
433 1283 535 1351 multis
559 1279 647 1347 malis
671 1277 858 1358 alliceretur,
882 1281 922 1347 ad
936 1283 1089 1368 majorem
1107 1305 1193 1350 sem·

189 1415 250 1479 per
271 1390 422 1480 aspiravit
445 1386 626 1474 potentiam,
656 1399 689 1452 et
712 1406 824 1471 regum
847 1385 942 1473 largis
969 1386 1191 1454 donationibus

161 1535 167 1544 ·
189 1496 415 1583 possessiones
438 1487 588 1579 augendo
612 1501 645 1556 et
665 1488 761 1556 multa
786 1490 827 1556 ab
852 1491 888 1555 iis
905 1490 1075 1578 privilegia,
1099 1512 1193 1577 prae·

188 1603 285 1688 cipue
308 1600 543 1674 immunitatem,
574 1593 730 1663 interdum
759 1617 888 1683 quoque
906 1597 978 1683 jura
1009 1595 1132 1663 comitis
1161 1597 1193 1661 in

189 1707 259 1769 suis
283 1704 456 1772 civitatibus
479 1699 688 1788 impetrando.
734 1700 923 1766 Monosten‘a
945 1721 1032 1780 vero,
1058 1723 1193 1789 quorum

191 1809 288 1875 multa
311 1808 358 1874 vel
383 1807 545 1894 episcopis
567 1805 618 1872 vel
640 1805 707 1889 aliis
731 1805 804 1871 viris
827 1803 868 1870 de
891 1825 969 1892 rege
993 1809 1077 1875 bene
1101 1812 1194 1876 meri-

189 1918 244 1992 tis,
276 1925 308 1979 ut
338 1913 478 1981 reditum
506 1910 580 1978 inde
604 1922 771 1996 caperent,
803 1909 1024 1991 tradebantur,
1055 1937 1073 1980 a
1097 1917 1192 2003 priori

189 2020 353 2107 opulentia
375 2039 416 2085 ex
443 2038 559 2103 magna
582 2029 672 2103 parte
701 2017 731 2081 in
753 2015 890 2101 inopiam
920 2028 952 2081 et
975 2038 1097 2085 morum
1123 2041 1195 2087 cor-

188 2127 370 2212 ruptionem
393 2123 501 2190 delabi
524 2132 707 2207 coeperunt.
754 2120 937 2187 Communis
952 2121 1114 2208 gloriailla
1137 2146 1194 2191 no·

190 2231 281 2297 minis
312 2233 515 2305 Francorum,
547 2227 636 2313 cujus
666 2225 749 2291 lama
777 2224 946 2311 aliquando
976 2238 1073 2294 totam
1099 2231 1196 2296 Euro·

189 2358 265 2423 pam
296 2342 510 2422 personuerat
533 2338 576 2410 ¹),
607 2350 779 2416 regnorum
808 2329 1011 2398 divisionibus
1042 2347 1075 2399 et
1104 2333 1194 2400 bellis

190 2439 334 2512 civilibus
358 2437 506 2515 desierat,
529 2436 721 2523 singularum
745 2435 883 2521 gentium
898 2438 1045 2524 propriae
1070 2441 1194 2525 provin·

191 2548 261 2612 ciae
286 2563 398 2611 amore
429 2541 535 2608 denuo
566 2542 811 2630 expergiscente
842 2549 874 2606 et
896 2542 1051 2628 splendor
1071 2545 1193 2630 imperii

192 2650 296 2716 Caroli
319 2647 420 2735 Magni
443 2648 532 2733 quasi
557 2649 713 2713 somnium
736 2645 854 2734 ubique
883 2661 1061 2715 evanuerat.
1107 2651 1194 2738 Rege

191 2757 284 2840 igitur
307 2753 349 2818 ab
373 2751 576 2837 optimatibus
597 2764 716 2828 creato,
739 2752 916 2838 episcopi,
932 2755 984 2839 qui
1008 2755 1195 2840 conspirati·

191 2862 262 2927 onis
288 2858 385 2944 ipsius
409 2866 559 2946 expertes
582 2857 628 2920 rei
657 2855 700 2922 ad
722 2855 818 2923 finem
851 2857 1027 2943 perductae
1057 2868 1088 2923 et
1111 2880 1194 2945 quae

192 2965 305 3031 mutari
330 2983 394 3026 non
418 2960 518 3046 potuit
531 2963 654 3027 assensi
678 2982 752 3027 esse
769 2961 915 3028 videntur
933 2961 970 3048 ²).
995 2963 1098 3048 paulic
1123 2976 1195 3049 post

190 3070 354 3158 synodum
367 3065 553 3151 Mogontiaci
576 3064 761 3143 babuerunt,
783 3078 824 3145 ut,
849 3067 947 3133 rebus
973 3068 1119 3135 omnibus
1143 3090 1196 3135 vn·

191 3172 380 3249 cillantibus,
404 3169 543 3237 decretis
567 3170 631 3235 suis
654 3171 847 3257 gravissimis
865 3175 955 3259 regni
971 3174 1062 3239 malis
1087 3174 1197 3240 medea

191 3292 301 3348 rentur
331 3288 364 3342 et
385 3295 497 3362 regem
522 3274 625 3361 ipsum
655 3276 696 3341 de
720 3296 760 3343 eo
791 3289 974 3354 monerent,
1007 3277 1092 3364 quod
1118 3300 1143 3344 a.
1159 3294 1195 3343 sn

189 3441 389 3456 -un——ss—

246 3538 290 3601 t)
328 3537 398 3588 lion.
416 3538 525 3602 sangall.
545 3542 618 3602 gesta
639 3538 695 3590 Car.
718 3541 750 3591 ll.
770 3540 800 3603 ll,
824 3547 845 3592 t.
866 3535 952 3609 (Pertz
971 3541 1017 3590 SS.
1036 3541 1068 3603 ll,
1092 3542 1196 3611 tttltn

190 3629 232 3678 lllo
249 3630 374 3688 tempore
393 3627 503 3688 propter
521 3627 701 3678 excellentiam
726 3629 903 3693 gloriosissimi
922 3629 1018 3690 Karolt,
1045 3632 1072 3679 et
1090 3631 1150 3679 Galli
1172 3635 1199 3680 et

190 3715 321 3780 Aquitani,
342 3713 425 3762 Aedui
445 3715 473 3762 et
489 3713 611 3777 Hispani,
637 3713 773 3766 Alamanni
800 3718 827 3766 et
846 3715 957 3777 Baioarii
982 3729 1036 3764 non
1054 3729 1149 3779 parum
1169 3731 1199 3768 se

193 3803 330 3867 insignitos
349 3800 534 3864 gloriabantur,
561 3802 583 3850 si
603 3803 643 3851 vel
663 3804 768 3852 nomine
786 3801 946 3852 Francorum
967 3814 1106 3872 servorum
1128 3818 1199 3856 cen·

193 3892 245 3938 seri
268 3890 444 3938 mererentur.
474 3887 519 3938 cfr.
543 3888 664 3939 Einhardl
689 3891 743 3940 vita
760 3890 843 3940 Karoll
869 3891 899 3940 ll.
917 3903 939 3939 c.
958 3891 1000 3940 tc.
1026 3891 1107 3941 Poeta
1127 3891 1198 3943 Saxo

191 3975 218 4026 L.
236 3976 267 4028 V.
285 3987 313 4024 v.
333 3976 393 4023 ⁴13.
416 3969 500 4038 (Pertz
521 3975 564 4024 SS.
582 3974 603 4036 1,
621 3976 690 4036 stt).

263 4061 289 4122 2)
326 4059 485 4122 Liutbertus,
505 4061 620 4124 archiep.
637 4062 866 4126 Maguntiacensis,
888 4064 987 4126 primas
1003 4066 1082 4127 regni,
1102 4066 1197 4116 carolo

189 4150 290 4200 lavisse
309 4149 425 4202 videtur.
448 4148 516 4198 llnu.
533 4145 605 4197 Fuld.
622 4149 647 4199 P.
666 4149 771 4211 1v,rs⁷
791 4149 837 4200 cir.
853 4146 944 4201 Ranke
964 4150 1093 4204 deutsche
1105 4154 1198 4218 Gesclr.

187 4240 224 4286 im
243 4236 366 4288 Zeitalter
384 4235 432 4286 der
449 4231 629 4287 Reformation
651 4239 677 4293 3.,
692 4235 772 4300 Ausg.
789 4235 808 4300 1,
828 4249 855 4298 p.
878 4239 917 4291 tl.
936 4258 972 4309 -7
