2796 4958
82 836 158 891 tarto
189 826 276 912 juxta
308 823 424 891 llumen
459 823 714 893 euristeum
748 825 845 892 luisse
861 834 864 839 '
879 845 919 891 cx
944 825 1012 891 ‘alia
1045 837 1090 916 ta·

84 931 156 998 bula
178 931 203 1016 ¹)
231 944 304 998 ante
336 914 452 998 annum
474 927 550 1019 893Δ
568 930 648 999 data
678 931 913 1017 cognoscimus.
970 931 1092 999 Omnes

83 1048 189 1103 antem
218 1037 334 1115 fundi,
352 1057 433 1124 qnos
463 1037 493 1106 in
524 1046 658 1124 utraque
677 1035 829 1126 Danubii.
844 1037 912 1122 ripa
938 1036 1024 1103 baec
1045 1036 1091 1103 la·⁸

84 1143 167 1209 milia
197 1153 261 1207 tam
287 1144 428 1210 lunesto
447 1142 521 1210 lato.
540 1143 694 1209 exstincta
724 1141 928 1225 possederat,
963 1162 982 1208 a
1011 1162 1090 1230 rogo

26 1282 31 1289 ·
84 1248 279 1315 nronasterio
304 1248 465 1316 Cremisae
494 1248 787 1335 (Kremsrniiaster),
817 1247 868 1313 oui
900 1257 976 1314 tunc
1000 1247 1091 1316 Suel.

84 1364 163 1437 pero
187 1353 289 1420 abbas
313 1366 470 1440 praeerat,
495 1353 581 1420 dono
605 1364 677 1418 sant
699 1352 764 1417 deti
781 1356 840 1431 ²)st
866 1352 1090 1423 Eodemnnno

85 1459 187 1525 altera
218 1471 329 1526 contra
352 1462 498 1526 lloravos
527 1456 689 1545 expeditio
719 1461 856 1522 fortasse
885 1469 1016 1544 propter
1032 1476 1091 1525 res

84 1565 183 1629 modo
208 1577 367 1641 narratnS,
398 1573 566 1648 suscepta,
600 1583 715 1649 magna
745 1573 836 1649 parte
862 1560 969 1629 finium
993 1561 1092 1631 hosts

85 1669 268 1747 devastata,
290 1669 406 1734 'rnalurn
430 1667 539 1735 babuit
562 1680 727 1745 eventum,
756 1689 830 1734 cum
853 1668 896 1734 ob
921 1667 1091 1757 insidiosa

85 1774 283 1859 Saatoplnoo
306 1776 392 1840 tritas
418 1795 472 1840 rer
496 1794 629 1860 „magna
653 1793 727 1842 curn
750 1772 932 1840 difficultate
959 1773 1093 1840 itinerid'

85 1880 114 1942 in
140 1881 301 1945 bavariam
331 1900 431 1967 aegre
461 1878 580 1946 rediret
599 1879 636 1964 ⁸).
690 1879 838 1946 Videntur
866 1881 950 1946 enim
974 1879 1091 1947 Morari

84 1982 166 2048 banc
205 1983 393 2071 plerumque
425 1984 499 2051 belli
530 1986 663 2073 gerendi
692 1986 846 2052 rationem
877 1985 977 2052 secuti
1007 2004 1091 2067 esee,

81 2101 113 2154 ut
138 2089 196 2174 ipsi
218 2089 357 2155 castellis
380 2089 445 2155 suis
472 2091 664 2159 finnissimis.
678 2091 705 2176 ⁴)
728 2095 804 2156 tecti
824 2093 986 2166 Francos,
1008 2111 1090 2176 quo·

82 2217 151 2260 rum
177 2194 328 2280 impeturn
360 2196 390 2260 in
414 2207 527 2280 aperto
552 2197 600 2261 vix
624 2196 837 2274 sustinebant,
869 2197 997 2283 impune
1028 2207 1090 2265 ter·

83 2322 151 2366 rarn
176 2312 302 2367 vastare
333 2300 489 2380 sinerent,
520 2300 627 2367 donec
649 2313 782 2388 propter
804 2303 906 2368 victus
929 2310 963 2368 et
983 2301 1091 2388 pabuli

83 2408 221 2494 inopiam
239 2405 469 2492 regredientes,
492 2405 612 2473 facilins
633 2407 673 2478 in
689 2407 847 2474 montibus
872 2420 903 2473 et
924 2407 1022 2497 sylvis
1046 2408 1092 2477 ine

84 2513 173 2577 sidiis
197 2523 231 2577 et
252 2511 483 2578 velitationibus
506 2514 593 2599 carpi
618 2523 760 2601 possent.
803 2511 851 2579 Ad
878 2513 1090 2599 periculosum

85 2618 172 2683 illurn
201 2629 368 2703 receptum
392 2617 562 2684 Leibnitins
583 2617 609 2702 ⁶)
640 2639 680 2685 ea
707 2617 877 2685 reserenda
903 2639 976 2685 esse
1000 2628 1091 2704 puta·

81 2725 140 2799 vit,
169 2742 252 2810 quae
282 2722 323 2789 ab
345 2723 484 2790 Arnoldo
503 2726 531 2811 ⁸)
554 2724 711 2810 scriptore
741 2723 861 2789 saeculi
885 2725 920 2789 xt
944 2745 984 2789 en
1007 2723 1090 2808 vulgi

82 2850 211 2896 rumore
235 2829 277 2894 de
301 2829 434 2894 arnulfo
451 2829 623 2907 traduntur,
645 2827 687 2894 ab
710 2828 832 2914 angelis
855 2838 966 2895 contra
989 2829 1089 2893 llore-

82 2958 195 3004 vornrn
210 2934 334 3022 gladios
354 2934 488 3001 defenso
507 2945 538 3001 et
554 2955 573 3000 a
587 2935 643 3002 Sto
657 2935 857 3001 limmeranro
874 2934 943 3021 ipso
960 2929 1089 3021 ,quern‘

82 3042 188 3122 ‚,vitae
208 3060 298 3116 ,snae
325 3058 365 3106 ac
396 3060 496 3128 regno
521 3040 710 3128 patronum”
734 3040 877 3131 elegerat
900 3038 937 3106 er
959 3059 1089 3135 pugnae

81 3145 264 3213 discrimine
290 3156 410 3233 erepto.
437 3184 477 3197 -

171 3252 259 3338 Rege
289 3251 381 3337 igitur
404 3251 564 3339 Ottingam
592 3253 623 3318 in
649 3251 796 3340 palatina
815 3272 920 3316 snum
949 3268 1090 3320 reverso,

81 3355 190 3444 paullo
215 3365 289 3442 post
312 3356 373 3422 Ota
396 3358 510 3446 conjnx
541 3358 609 3445 ejus
633 3357 752 3423 ibidem
777 3375 910 3443 puerum
935 3353 1033 3416 edidit
1054 3351 1089 3434 ¹),

88 3541 181 3610 dut)
217 3555 258 3607 ap.
276 3544 443 3608 Kleinrnayrn
461 3545 567 3595 lavaris
588 3544 653 3592 Aah.
670 3556 696 3605 p.
717 3545 776 3593 tta.
840 3547 842 3555 ’
864 3575 865 3580 =

88 3634 91 3651 ·'
154 3626 181 3696 a)
217 3627 414 3694 lietleapaoher
432 3635 540 3684 annales
559 3630 772 3682 cremifanenses
790 3642 818 3692 p.
839 3628 881 3678 lt.
962 3661 965 3666 Α

154 3712 181 3784 u)
218 3722 283 3769 Ann.
300 3721 379 3780 Fnld,
403 3724 462 3779 nst,
481 3723 546 3771 Ana.
563 3721 651 3780 Alam,
671 3722 731 3768 8⁹3.
757 3715 880 3766 Arnullue
898 3715 923 3764 in
945 3714 1057 3763 Maraba.
1071 3740 1092 3757 -.

157 3801 182 3870 tl
220 3807 300 3869 Epist
318 3807 465 3857 theotmari
485 3804 516 3873 (a.
537 3802 612 3874 tall:
635 3805 683 3867 „illl
702 3797 813 3870 (Franci)
832 3803 1002 3853 christianum
1022 3813 1089 3864 reg-

80 3905 144 3942 num
177 3894 395 3945 confortaverunt
422 3896 464 3943 isti
491 3891 610 3960 (Morari)
638 3892 748 3944 latibulis
776 3893 803 3942 et
829 3888 940 3940 urbibus
966 3889 1090 3939 occultati

79 3979 209 4032 luerunt.”
229 3981 341 4046 (Boozek
359 3983 418 4032 cod.
437 3983 496 4042 dipl.
516 3983 647 4032 Moraviae
668 3982 686 4044 l,
706 3976 751 4043 aa)
770 3977 803 4029 cl.
819 3977 888 4027 Ana.
903 3977 986 4040 Fuld„
1007 3980 1066 4026 872.

152 4065 181 4135 ⁵l
216 4071 333 4121 Lelbnltz
352 4081 413 4120 artu.
431 4070 530 4130 imperii
550 4069 578 4130 ll,
599 4072 660 4118 tta.

151 4151 178 4220 a)
216 4158 250 4209 de
268 4161 318 4208 sto.
338 4157 530 4207 Emmorammo
552 4169 575 4206 c.
596 4161 621 4205 tt.v
639 4153 727 4217 (Perti
745 4154 789 4203 ss.
806 4149 848 4214 lv,
871 4149 945 4213 tri).
965 4173 997 4186 -·

153 4244 180 4305 r)
217 4246 281 4299 ann.
300 4245 384 4307 rura,
405 4248 464 4294 aar.
