2796 4958
671 644 722 707 tta

194 819 232 885 tt
255 818 346 906 liujus
375 817 524 883 miseriae
547 835 662 882 causas
681 837 748 883 oon
770 814 872 881 solum
903 815 1013 883 clades
1037 815 1199 885 ab'lrosti-

193 923 256 989 bus
279 935 333 990 aut
357 922 509 989 intestinis
532 932 586 986 aut
606 922 743 988 externis
761 920 869 989 illatas
894 925 1117 989 verumetiam
1140 945 1199 1010 po-

192 1030 257 1115 puli
286 1031 386 1117 ipsius
425 1049 549 1093 morum
585 1028 822 1114 corruptionem
857 1027 953 1095 luisse
983 1027 1024 1094 ab
1052 1029 1197 1107 Abbone,

192 1146 290 1221 pocta
312 1134 432 1222 patriae
455 1132 668 1200 amantissimo
693 1132 852 1208 discimus,
882 1132 936 1220 qui
960 1154 1031 1201 eam
1056 1136 1096 1202 ita
1120 1136 1197 1202 allo-

193 1242 297 1327 quitur
322 1242 363 1326 ¹):
387 1239 544 1318 „Francia
567 1258 624 1304 cur
646 1237 746 1304 latitas
769 1239 861 1313 viros,
884 1259 985 1316 narra,
1009 1254 1094 1328 pcto,
1118 1244 1197 1328 pris-

192 1367 258 1424 cas,
281 1348 324 1410 Te
349 1345 470 1431 majora
493 1344 698 1431 triumphasti
714 1343 829 1431 quibus
845 1356 941 1430 atque
960 1345 1075 1431 jugasti
1090 1349 1198 1434 Regna

191 1451 271 1518 tibi?
311 1453 444 1538 Propter
468 1449 573 1516 vitium
597 1448 774 1535 triplexque
799 1449 946 1535 piaclum.
990 1451 1116 1539 Quippe
1146 1474 1198 1518 su·

191 1556 371 1643 persillum,
405 1556 537 1621 Veneris
568 1574 697 1641 quoque
726 1553 801 1620 leda
828 1566 994 1634 venustae,
1028 1559 1073 1622 tlc
1102 1558 1198 1625 vestis

196 1662 365 1749 preciosae
388 1660 483 1726 elatio
508 1670 540 1726 te
561 1658 617 1724 tibi
640 1659 760 1726 tollunt!
806 1659 946 1726 Alrodite
975 1659 1059 1728 adeo
1086 1663 1199 1728 saltem

192 1789 257 1855 quo
280 1787 393 1833 arcere
416 1763 673 1852 parentesHaud
692 1765 799 1833 valeas
823 1766 916 1846 lecto,
941 1766 1117 1833 monachas
1140 1766 1199 1834 do·

192 1875 278 1939 mino
302 1893 408 1960 neque
431 1891 558 1948 sacres;
583 1871 636 1937 Vel
660 1871 736 1958 quid
759 1883 913 1946 naturam.
940 1873 966 1938 si
990 1872 1120 1960 quidem
1142 1873 1198 1939 tibi

191 1991 242 2044 sat
263 1979 426 2057 mulieres,
462 1978 623 2064 Despicis,
657 1977 850 2047 occurrant?
896 1979 1057 2064 Agitamus
1087 1978 1199 2066 sasque

195 2085 360 2172 nefasque.
404 2086 506 2150 iturea
531 2083 699 2149 sublimem
723 2081 850 2149 mordet
872 2082 926 2148 tibi
951 2082 1047 2148 fibula
1069 2095 1199 2162 vestem,

192 2188 297 2254 Efficis
321 2200 354 2254 et
376 2188 513 2255 calidam
533 2188 613 2275 tyria
630 2202 760 2253 carnem
778 2188 935 2273 preciosa.
980 2190 1049 2254 Non
1071 2201 1200 2275 praeter

194 2293 365 2360 clamidem
387 2305 531 2361 auratam
554 2292 645 2379 cupis
674 2291 823 2360 indusiari
845 2294 1012 2380 Tegmine,
1045 2292 1200 2362 decusata

192 2413 264 2466 tuos
295 2400 431 2487 gemmis
459 2400 516 2466 nisi
545 2418 627 2465 zona
657 2396 746 2463 Nulla
776 2397 862 2465 lovet
891 2398 1033 2477 lumbos,
1067 2400 1198 2486 aurique

191 2505 295 2592 pedes
320 2506 378 2572 nisi
403 2507 526 2593 virgea·
563 2507 633 2572 Non
655 2502 781 2570 habitus
804 2503 943 2582 dumille,
974 2527 1036 2571 non
1061 2517 1093 2571 te
1117 2506 1199 2573 valet

193 2610 315 2677 abdere
340 2613 445 2678 restis.
494 2613 580 2677 llaec
603 2609 696 2686 lacis;
732 2609 814 2676 haec
837 2611 918 2677 aliae
947 2609 1064 2677 faciunt
1086 2626 1199 2700 gentes

192 2717 234 2782 ita
259 2717 428 2782 nullae-
444 2754 484 2764 -
501 2753 536 2768 -
565 2721 649 2802 luge,
674 2715 813 2793 Francia,
837 2715 880 2782 ab
904 2716 1008 2782 istisl”

282 2821 389 2887 Rebus
411 2822 539 2887 Gallicis
562 2821 625 2887 hoc
648 2820 747 2888 modo
775 2821 978 2906 compositis,
1006 2819 1085 2884 alius
1107 2841 1202 2906 regu-

193 2926 257 3003 lus,
289 2928 341 3013 qui
366 2947 406 2991 ex
431 2927 614 2993 Carolorum
648 2926 781 3013 imperio
805 2924 968 2990 nonnullas
992 2936 1093 2990 terras
1125 2926 1202 2990 arri-

194 3042 316 3118 puerat,
341 3030 456 3098 Amulli
479 3032 563 3098 inse
581 3021 721 3097 animum
743 3031 913 3108 convertit;
938 3028 978 3096 ad
1004 3031 1093 3118 cajus
1117 3052 1201 3098 nunc

195 3149 395 3204 transeamus
419 3139 583 3226 originem.
628 3136 755 3204 luditha
784 3138 980 3225 imperatrix,
1011 3134 1072 3202 lilia
1098 3137 1200 3203 Guelfi

193 3244 317 3310 comitis
336 3246 373 3331 ²),
398 3245 500 3310 Caroli
520 3243 606 3310 Calvi
630 3255 733 3309 mater
756 3242 838 3311 duos
859 3243 970 3311 habuit
992 3243 1104 3309 fratres
1118 3243 1201 3310 Con·

192 3348 304 3414 redum
329 3362 361 3416 et
375 3350 541 3418 liudolfum
563 3356 603 3428 ⁸),
625 3350 679 3437 qui
703 3351 847 3438 quamvis
869 3347 1060 3435 aliquamdiu
1081 3348 1110 3412 in
1134 3368 1201 3412 mo·

195 3456 332 3521 nasterla
356 3457 437 3542 pulsi
462 3467 578 3532 essent,
603 3459 632 3521 in
656 3477 780 3522 summa
804 3467 909 3519 tamen
933 3452 1121 3539 plerumque
1145 3473 1198 3518 ne-

192 3561 276 3646 potis
308 3563 408 3648 gratia
440 3574 530 3629 erant
549 3563 589 3649 ⁴);
625 3583 760 3650 quorum
791 3561 841 3626 ille
873 3569 905 3624 ut
935 3557 1059 3624 videtur
1089 3578 1199 3625 comes

192 3701 393 3712 m...—

265 3782 289 3843 t)
326 3783 401 3833 Pertz
421 3785 466 3835 SS.
485 3781 516 3848 ll,
536 3798 561 3846 p.
582 3788 642 3835 sot.
663 3781 717 3836 tra.
736 3785 768 3847 ll,
787 3787 837 3834 596
859 3797 917 3847 sqq.

265 3864 292 3934 2)
329 3871 451 3922 Etnhurdi
475 3879 542 3933 aad,
572 3876 622 3922 utu
642 3874 755 3938 Thegani
781 3873 834 3922 vita
857 3872 995 3922 Hudowici
1017 3885 1040 3922 c.
1059 3875 1091 3921 28
1114 3866 1199 3936 (Pertz

191 3958 235 4007 SS.
246 3956 276 4016 ll,
292 3952 367 4026 tse);
387 3964 517 4024 Anonym.
526 3961 733 4025 weingartensis
746 3975 787 4023 ap.
798 3960 873 4010 Hess.
886 3972 1003 4009 monum.
1016 3959 1128 4009 Guelfica
1138 3973 1164 4022 p.
1177 3964 1200 4009 6.

266 4045 293 4107 3)
331 4048 387 4097 Vita
406 4050 544 4100 Hudowici
562 4050 624 4111 imp.
641 4063 663 4100 c.
684 4052 724 4099 lu.
743 4047 885 4112 (PcrtzSS.
900 4048 930 4111 ll,
944 4047 1022 4109 dul),
1048 4051 1113 4099 Ana.
1132 4049 1199 4098 Ber-

191 4134 235 4181 tln.
257 4147 280 4183 a.
298 4138 357 4183 830.

265 4217 290 4284 tl
328 4223 437 4276 llaricus
457 4226 491 4274 de
511 4223 642 4274 miraculis
662 4223 699 4270 St.
717 4222 836 4273 Germani
857 4223 1031 4277 Autissiodor.
1051 4223 1081 4285 ll,
1102 4226 1125 4272 s.
1147 4218 1199 4286 (cp.
