<?xml version="1.0" encoding="UTF-8"?>
<!DOCTYPE html PUBLIC "-//W3C//DTD XHTML 1.0 Transitional//EN"
    "http://www.w3.org/TR/xhtml1/DTD/xhtml1-transitional.dtd">
<html xmlns="http://www.w3.org/1999/xhtml" xml:lang="en" lang="en">
 <head>
  <title>
</title>
<meta http-equiv="Content-Type" content="text/html;charset=utf-8" />
  <meta name='ocr-system' content='tesseract 3.04.00' />
  <meta name='ocr-capabilities' content='ocr_page ocr_carea ocr_par ocr_line ocrx_word'/>
</head>
<body>
  <div class='ocr_page' id='page_1' title='image "./dearnulfofranco00arnugoog_0121.png"; bbox 0 0 2796 4958; ppageno 0'>
   <div class='ocr_carea' id='block_1_1' title="bbox 339 770 1356 1432">
    <p class='ocr_par' dir='ltr' id='par_1_1' title="bbox 339 770 1356 1432">
     <span class='ocr_line' id='line_1_1' title="bbox 340 770 1347 904; baseline 0.002 -22"><span class='ocrx_word' id='word_1_1' title='bbox 340 814 486 882; x_wconf 76' lang='lat' dir='ltr'>Falconis</span> <span class='ocrx_word' id='word_1_2' title='bbox 521 770 715 882; x_wconf 72' lang='lat' dir='ltr'><strong>voluntatem</strong></span> <span class='ocrx_word' id='word_1_3' title='bbox 755 812 848 900; x_wconf 82' lang='lat' dir='ltr'><strong>igitur</strong></span> <span class='ocrx_word' id='word_1_4' title='bbox 880 812 1064 904; x_wconf 80' lang='lat' dir='ltr'>homagium</span> <span class='ocrx_word' id='word_1_5' title='bbox 1101 816 1130 882; x_wconf 89' lang='lat' dir='ltr'><strong>ei</strong></span> <span class='ocrx_word' id='word_1_6' title='bbox 1167 812 1347 884; x_wconf 81' lang='lat' dir='ltr'>reddidisse</span> 
     </span>
     <span class='ocr_line' id='line_1_2' title="bbox 339 921 1356 1118; baseline 0.003 -25"><span class='ocrx_word' id='word_1_7' title='bbox 339 921 515 1092; x_wconf 57' lang='lat' dir='ltr'><strong>V&#39;deuddino</strong></span> <span class='ocrx_word' id='word_1_8' title='bbox 550 1023 686 1090; x_wconf 81' lang='lat' dir='ltr'><strong>Arnaido</strong></span> <span class='ocrx_word' id='word_1_9' title='bbox 721 1043 851 1113; x_wconf 88' lang='lat' dir='ltr'><strong>quoque</strong></span> <span class='ocrx_word' id='word_1_10' title='bbox 879 1024 1014 1093; x_wconf 84' lang='lat' dir='ltr'><strong>Tullensi</strong></span> <span class='ocrx_word' id='word_1_11' title='bbox 1044 1027 1218 1116; x_wconf 87' lang='lat' dir='ltr'><strong>episeopo,</strong></span> <span class='ocrx_word' id='word_1_12' title='bbox 1253 1040 1356 1118; x_wconf 87' lang='lat' dir='ltr'><strong>quem</strong></span> 
     </span>
     <span class='ocr_line' id='line_1_3' title="bbox 341 1129 1349 1223; baseline 0.002 -23"><span class='ocrx_word' id='word_1_13' title='bbox 341 1144 436 1201; x_wconf 84' lang='lat' dir='ltr'><strong>antee</strong></span> <span class='ocrx_word' id='word_1_14' title='bbox 460 1130 638 1198; x_wconf 86' lang='lat' dir='ltr'><strong>offenderat</strong></span> <span class='ocrx_word' id='word_1_15' title='bbox 660 1129 818 1208; x_wconf 72' lang='lat' dir='ltr'><strong>Amulius,</strong></span> <span class='ocrx_word' id='word_1_16' title='bbox 842 1143 876 1197; x_wconf 90' lang='lat' dir='ltr'><strong>ut</strong></span> <span class='ocrx_word' id='word_1_17' title='bbox 899 1152 972 1198; x_wconf 89' lang='lat' dir='ltr'><strong>eum</strong></span> <span class='ocrx_word' id='word_1_18' title='bbox 992 1131 1053 1200; x_wconf 89' lang='lat' dir='ltr'><strong>sibi</strong></span> <span class='ocrx_word' id='word_1_19' title='bbox 1080 1135 1304 1204; x_wconf 75' lang='lat' dir='ltr'><strong>reconciliaret</strong></span> <span class='ocrx_word' id='word_1_20' title='bbox 1325 1137 1349 1223; x_wconf 85' lang='lat'><strong>¹)</strong></span> 
     </span>
     <span class='ocr_line' id='line_1_4' title="bbox 341 1237 1348 1327; baseline 0.002 -21"><span class='ocrx_word' id='word_1_21' title='bbox 341 1237 511 1326; x_wconf 78' lang='lat' dir='ltr'><strong>magnifiee</strong></span> <span class='ocrx_word' id='word_1_22' title='bbox 547 1237 708 1304; x_wconf 77' lang='lat' dir='ltr'><strong>satisfecit</strong></span> <span class='ocrx_word' id='word_1_23' title='bbox 766 1239 910 1327; x_wconf 86' lang='lat' dir='ltr'><strong>Namque</strong></span> <span class='ocrx_word' id='word_1_24' title='bbox 944 1237 996 1305; x_wconf 84' lang='lat' dir='ltr'><strong>iilo</strong></span> <span class='ocrx_word' id='word_1_25' title='bbox 1027 1240 1167 1327; x_wconf 76' lang='lat' dir='ltr'><strong>pontifex</strong></span> <span class='ocrx_word' id='word_1_26' title='bbox 1197 1244 1348 1310; x_wconf 85' lang='lat' dir='ltr'><strong>exercitui</strong></span> 
     </span>
     <span class='ocr_line' id='line_1_5' title="bbox 342 1343 1350 1432; baseline 0.001 -18"><span class='ocrx_word' id='word_1_27' title='bbox 342 1368 382 1414; x_wconf 88' lang='lat' dir='ltr'><strong>ex</strong></span> <span class='ocrx_word' id='word_1_28' title='bbox 405 1344 491 1412; x_wconf 79' lang='lat' dir='ltr'><strong>ltalia</strong></span> <span class='ocrx_word' id='word_1_29' title='bbox 522 1343 669 1410; x_wconf 78' lang='lat' dir='ltr'><strong>redeunti</strong></span> <span class='ocrx_word' id='word_1_30' title='bbox 693 1344 896 1410; x_wconf 76' lang='lat' dir='ltr'><strong>Constantine</strong></span> <span class='ocrx_word' id='word_1_31' title='bbox 921 1345 988 1432; x_wconf 86' lang='lat' dir='ltr'><strong>jam</strong></span> <span class='ocrx_word' id='word_1_32' title='bbox 1011 1346 1138 1413; x_wconf 86' lang='lat' dir='ltr'><strong>obviam</strong></span> <span class='ocrx_word' id='word_1_33' title='bbox 1169 1347 1272 1415; x_wconf 81' lang='lat' dir='ltr'><strong>iaetus</strong></span> <span class='ocrx_word' id='word_1_34' title='bbox 1295 1371 1350 1415; x_wconf 90' lang='lat' dir='ltr'><strong>ve-</strong></span> 
     </span>
    </p>
   </div>
   <div class='ocr_carea' id='block_1_2' title="bbox 238 1449 1347 1544">
    <p class='ocr_par' dir='ltr' id='par_1_2' title="bbox 238 1449 1347 1544">
     <span class='ocr_line' id='line_1_6' title="bbox 238 1449 1347 1544; baseline 0.002 -24"><span class='ocrx_word' id='word_1_35' title='bbox 238 1487 241 1490; x_wconf 55' lang='lat'><em>&gt;</em></span> <span class='ocrx_word' id='word_1_36' title='bbox 341 1453 509 1520; x_wconf 73' lang='lat' dir='ltr'><strong>dementer</strong></span> <span class='ocrx_word' id='word_1_37' title='bbox 536 1449 578 1516; x_wconf 91' lang='lat' dir='ltr'><strong>de</strong></span> <span class='ocrx_word' id='word_1_38' title='bbox 608 1449 753 1517; x_wconf 84' lang='lat' dir='ltr'><strong>Gerordo</strong></span> <span class='ocrx_word' id='word_1_39' title='bbox 780 1462 813 1516; x_wconf 90' lang='lat' dir='ltr'><strong>et</strong></span> <span class='ocrx_word' id='word_1_40' title='bbox 841 1451 984 1519; x_wconf 79' lang='lat' dir='ltr'><strong>Metirido</strong></span> <span class='ocrx_word' id='word_1_41' title='bbox 1012 1452 1175 1533; x_wconf 79' lang='lat' dir='ltr'><strong>iratribus,</strong></span> <span class='ocrx_word' id='word_1_42' title='bbox 1212 1477 1347 1544; x_wconf 89' lang='lat' dir='ltr'><strong>quorum</strong></span> 
     </span>
    </p>
   </div>
   <div class='ocr_carea' id='block_1_3' title="bbox 308 1556 1349 3451">
    <p class='ocr_par' dir='ltr' id='par_1_3' title="bbox 308 1556 1349 3451">
     <span class='ocr_line' id='line_1_7' title="bbox 340 1556 1347 1646; baseline 0.001 -20"><span class='ocrx_word' id='word_1_43' title='bbox 340 1560 509 1627; x_wconf 86' lang='lat' dir='ltr'><strong>comitatus</strong></span> <span class='ocrx_word' id='word_1_44' title='bbox 545 1558 576 1622; x_wconf 87' lang='lat' dir='ltr'><strong>in</strong></span> <span class='ocrx_word' id='word_1_45' title='bbox 609 1576 696 1644; x_wconf 81' lang='lat' dir='ltr'><strong>pugo</strong></span> <span class='ocrx_word' id='word_1_46' title='bbox 731 1556 873 1623; x_wconf 81' lang='lat' dir='ltr'><strong>Blesiaco</strong></span> <span class='ocrx_word' id='word_1_47' title='bbox 907 1557 1082 1646; x_wconf 75' lang='lat' dir='ltr'><strong>(Biiesgau)</strong></span> <span class='ocrx_word' id='word_1_48' title='bbox 1125 1559 1263 1629; x_wconf 77' lang='lat' dir='ltr'><strong>fortasse</strong></span> <span class='ocrx_word' id='word_1_49' title='bbox 1300 1564 1347 1629; x_wconf 89' lang='lat' dir='ltr'><strong>siti</strong></span> 
     </span>
     <span class='ocr_line' id='line_1_8' title="bbox 340 1661 1348 1756; baseline 0.001 -23"><span class='ocrx_word' id='word_1_50' title='bbox 340 1678 432 1734; x_wconf 86' lang='lat' dir='ltr'><strong>erunt</strong></span> <span class='ocrx_word' id='word_1_51' title='bbox 449 1670 490 1744; x_wconf 84' lang='lat'><strong>²),</strong></span> <span class='ocrx_word' id='word_1_52' title='bbox 513 1673 547 1730; x_wconf 87' lang='lat' dir='ltr'><strong>et</strong></span> <span class='ocrx_word' id='word_1_53' title='bbox 569 1661 732 1749; x_wconf 89' lang='lat' dir='ltr'><strong>Stephano</strong></span> <span class='ocrx_word' id='word_1_54' title='bbox 759 1662 876 1729; x_wconf 90' lang='lat' dir='ltr'><strong>comite</strong></span> <span class='ocrx_word' id='word_1_55' title='bbox 893 1663 920 1748; x_wconf 83' lang='lat'><strong>⁸)</strong></span> <span class='ocrx_word' id='word_1_56' title='bbox 942 1676 1137 1753; x_wconf 88' lang='lat' dir='ltr'><strong>conquestus</strong></span> <span class='ocrx_word' id='word_1_57' title='bbox 1160 1679 1237 1746; x_wconf 84' lang='lat' dir='ltr'><strong>emt,</strong></span> <span class='ocrx_word' id='word_1_58' title='bbox 1261 1669 1348 1756; x_wconf 92' lang='lat' dir='ltr'><strong>quod</strong></span> 
     </span>
     <span class='ocr_line' id='line_1_9' title="bbox 339 1769 1348 1860; baseline 0.001 -20"><span class='ocrx_word' id='word_1_59' title='bbox 339 1772 458 1860; x_wconf 87' lang='lat' dir='ltr'><strong>rupinis</strong></span> <span class='ocrx_word' id='word_1_60' title='bbox 488 1782 521 1836; x_wconf 89' lang='lat' dir='ltr'><strong>et</strong></span> <span class='ocrx_word' id='word_1_61' title='bbox 549 1769 703 1836; x_wconf 89' lang='lat' dir='ltr'><strong>incendiis</strong></span> <span class='ocrx_word' id='word_1_62' title='bbox 732 1789 881 1855; x_wconf 84' lang='lat' dir='ltr'><strong>magoum</strong></span> <span class='ocrx_word' id='word_1_63' title='bbox 912 1770 1072 1838; x_wconf 83' lang='lat' dir='ltr'><strong>ecciesiae</strong></span> <span class='ocrx_word' id='word_1_64' title='bbox 1101 1771 1238 1839; x_wconf 82' lang='lat' dir='ltr'><strong>Tadeosi</strong></span> <span class='ocrx_word' id='word_1_65' title='bbox 1270 1775 1348 1841; x_wconf 77' lang='lat' dir='ltr'><strong>inse</strong></span> 
     </span>
     <span class='ocr_line' id='line_1_10' title="bbox 340 1876 1349 1963; baseline 0.002 -18"><span class='ocrx_word' id='word_1_66' title='bbox 340 1890 449 1945; x_wconf 86' lang='lat' dir='ltr'><strong>rentes</strong></span> <span class='ocrx_word' id='word_1_67' title='bbox 478 1876 628 1943; x_wconf 91' lang='lat' dir='ltr'><strong>damnum</strong></span> <span class='ocrx_word' id='word_1_68' title='bbox 660 1886 826 1963; x_wconf 89' lang='lat' dir='ltr'><strong>praeterea</strong></span> <span class='ocrx_word' id='word_1_69' title='bbox 857 1878 1052 1944; x_wconf 86' lang='lat' dir='ltr'><strong>monasteria</strong></span> <span class='ocrx_word' id='word_1_70' title='bbox 1081 1878 1123 1945; x_wconf 89' lang='lat' dir='ltr'><strong>St.</strong></span> <span class='ocrx_word' id='word_1_71' title='bbox 1147 1879 1286 1946; x_wconf 78' lang='lat' dir='ltr'><strong>Mauricii</strong></span> <span class='ocrx_word' id='word_1_72' title='bbox 1316 1892 1349 1947; x_wconf 91' lang='lat' dir='ltr'><strong>et</strong></span> 
     </span>
     <span class='ocr_line' id='line_1_11' title="bbox 340 1980 1348 2071; baseline 0.002 -20"><span class='ocrx_word' id='word_1_73' title='bbox 340 1985 383 2051; x_wconf 89' lang='lat' dir='ltr'><strong>St</strong></span> <span class='ocrx_word' id='word_1_74' title='bbox 407 1982 482 2070; x_wconf 79' lang='lat' dir='ltr'><strong>Apri</strong></span> <span class='ocrx_word' id='word_1_75' title='bbox 511 1980 688 2049; x_wconf 87' lang='lat' dir='ltr'><strong>hereditate</strong></span> <span class='ocrx_word' id='word_1_76' title='bbox 716 1981 777 2049; x_wconf 89' lang='lat' dir='ltr'><strong>&#39;sibi</strong></span> <span class='ocrx_word' id='word_1_77' title='bbox 808 1981 962 2070; x_wconf 81' lang='lat' dir='ltr'><strong>obtigisse</strong></span> <span class='ocrx_word' id='word_1_78' title='bbox 993 1984 1106 2071; x_wconf 88' lang='lat' dir='ltr'><strong>injuste</strong></span> <span class='ocrx_word' id='word_1_79' title='bbox 1134 1983 1348 2053; x_wconf 86' lang='lat' dir='ltr'><strong>affirmassent</strong></span> 
     </span>
     <span class='ocr_line' id='line_1_12' title="bbox 340 2087 1348 2179; baseline 0.001 -21"><span class='ocrx_word' id='word_1_80' title='bbox 340 2102 374 2158; x_wconf 93' lang='lat' dir='ltr'><strong>et</strong></span> <span class='ocrx_word' id='word_1_81' title='bbox 391 2088 562 2177; x_wconf 74' lang='lat' dir='ltr'><strong>[tagoberti</strong></span> <span class='ocrx_word' id='word_1_82' title='bbox 585 2088 671 2175; x_wconf 81' lang='lat' dir='ltr'><strong>regis</strong></span> <span class='ocrx_word' id='word_1_83' title='bbox 694 2087 858 2175; x_wconf 79' lang='lat' dir='ltr'><strong>privilegio</strong></span> <span class='ocrx_word' id='word_1_84' title='bbox 882 2100 1067 2177; x_wconf 88' lang='lat' dir='ltr'><strong>contempto</strong></span> <span class='ocrx_word' id='word_1_85' title='bbox 1089 2089 1187 2166; x_wconf 79' lang='lat' dir='ltr'><strong>„inira</strong></span> <span class='ocrx_word' id='word_1_86' title='bbox 1211 2103 1348 2179; x_wconf 76' lang='lat' dir='ltr'><strong>quatuor</strong></span> 
     </span>
     <span class='ocr_line' id='line_1_13' title="bbox 338 2193 1346 2288; baseline 0.002 -25"><span class='ocrx_word' id='word_1_87' title='bbox 338 2197 448 2264; x_wconf 87' lang='lat' dir='ltr'><strong>lauces</strong></span> <span class='ocrx_word' id='word_1_88' title='bbox 470 2194 513 2262; x_wconf 82' lang='lat' dir='ltr'><strong>ab</strong></span> <span class='ocrx_word' id='word_1_89' title='bbox 537 2193 639 2261; x_wconf 82' lang='lat' dir='ltr'><strong>urbe’&#39;</strong></span> <span class='ocrx_word' id='word_1_90' title='bbox 662 2193 827 2261; x_wconf 79' lang='lat' dir='ltr'><strong>castelium</strong></span> <span class='ocrx_word' id='word_1_91' title='bbox 850 2197 1139 2263; x_wconf 83' lang='lat' dir='ltr'><strong>communivissent</strong></span> <span class='ocrx_word' id='word_1_92' title='bbox 1191 2199 1253 2264; x_wconf 88' lang='lat' dir='ltr'><strong>Pro</strong></span> <span class='ocrx_word' id='word_1_93' title='bbox 1278 2201 1346 2288; x_wconf 86' lang='lat' dir='ltr'><strong>qui-</strong></span> 
     </span>
     <span class='ocr_line' id='line_1_14' title="bbox 338 2302 1347 2390; baseline 0.002 -20"><span class='ocrx_word' id='word_1_94' title='bbox 338 2303 399 2370; x_wconf 87' lang='lat' dir='ltr'><strong>bus</strong></span> <span class='ocrx_word' id='word_1_95' title='bbox 422 2302 565 2368; x_wconf 85' lang='lat' dir='ltr'><strong>maximis</strong></span> <span class='ocrx_word' id='word_1_96' title='bbox 587 2302 705 2389; x_wconf 84' lang='lat' dir='ltr'><strong>injuriis</strong></span> <span class='ocrx_word' id='word_1_97' title='bbox 727 2303 863 2368; x_wconf 89' lang='lat' dir='ltr'><strong>comites</strong></span> <span class='ocrx_word' id='word_1_98' title='bbox 884 2302 941 2379; x_wconf 83' lang='lat' dir='ltr'><strong>illi,</strong></span> <span class='ocrx_word' id='word_1_99' title='bbox 967 2303 1059 2390; x_wconf 90' lang='lat' dir='ltr'><strong>jussu</strong></span> <span class='ocrx_word' id='word_1_100' title='bbox 1082 2303 1184 2390; x_wconf 77' lang='lat' dir='ltr'><strong>regis,</strong></span> <span class='ocrx_word' id='word_1_101' title='bbox 1213 2304 1347 2372; x_wconf 88' lang='lat' dir='ltr'><strong>canibus</strong></span> 
     </span>
     <span class='ocr_line' id='line_1_15' title="bbox 338 2406 1347 2499; baseline 0.002 -24"><span class='ocrx_word' id='word_1_102' title='bbox 338 2430 398 2497; x_wconf 87' lang='lat' dir='ltr'><strong>per</strong></span> <span class='ocrx_word' id='word_1_103' title='bbox 429 2408 557 2474; x_wconf 77' lang='lat' dir='ltr'><strong>milliare</strong></span> <span class='ocrx_word' id='word_1_104' title='bbox 587 2429 684 2473; x_wconf 90' lang='lat' dir='ltr'><strong>unum</strong></span> <span class='ocrx_word' id='word_1_105' title='bbox 708 2406 749 2473; x_wconf 90' lang='lat' dir='ltr'><strong>ab</strong></span> <span class='ocrx_word' id='word_1_106' title='bbox 773 2407 894 2495; x_wconf 92' lang='lat' dir='ltr'><strong>oppido</strong></span> <span class='ocrx_word' id='word_1_107' title='bbox 920 2409 1154 2497; x_wconf 77' lang='lat' dir='ltr'><strong>Borbetomagc</strong></span> <span class='ocrx_word' id='word_1_108' title='bbox 1177 2431 1282 2499; x_wconf 89' lang='lat' dir='ltr'><strong>usque</strong></span> <span class='ocrx_word' id='word_1_109' title='bbox 1306 2412 1347 2478; x_wconf 88' lang='lat' dir='ltr'><strong>ad</strong></span> 
     </span>
     <span class='ocr_line' id='line_1_16' title="bbox 337 2512 1347 2605; baseline 0.003 -24"><span class='ocrx_word' id='word_1_110' title='bbox 337 2515 442 2604; x_wconf 88' lang='lat' dir='ltr'><strong>pedes</strong></span> <span class='ocrx_word' id='word_1_111' title='bbox 471 2512 608 2580; x_wconf 84' lang='lat' dir='ltr'><strong>droaidi.</strong></span> <span class='ocrx_word' id='word_1_112' title='bbox 626 2513 857 2581; x_wconf 79' lang='lat' dir='ltr'><strong>contumeliose</strong></span> <span class='ocrx_word' id='word_1_113' title='bbox 884 2513 1033 2602; x_wconf 83' lang='lat' dir='ltr'><strong>portatis,</strong></span> <span class='ocrx_word' id='word_1_114' title='bbox 1066 2515 1195 2583; x_wconf 88' lang='lat' dir='ltr'><strong>multam</strong></span> <span class='ocrx_word' id='word_1_115' title='bbox 1224 2519 1347 2605; x_wconf 83' lang='lat' dir='ltr'><strong>septin-</strong></span> 
     </span>
     <span class='ocr_line' id='line_1_17' title="bbox 340 2618 1346 2710; baseline 0.001 -22"><span class='ocrx_word' id='word_1_116' title='bbox 340 2634 507 2710; x_wconf 80' lang='lat' dir='ltr'><strong>gentarum</strong></span> <span class='ocrx_word' id='word_1_117' title='bbox 535 2618 683 2685; x_wconf 73' lang='lat' dir='ltr'><strong>libranum</strong></span> <span class='ocrx_word' id='word_1_118' title='bbox 715 2621 837 2707; x_wconf 84' lang='lat' dir='ltr'><strong>argenti</strong></span> <span class='ocrx_word' id='word_1_119' title='bbox 867 2620 1089 2707; x_wconf 86' lang='lat' dir='ltr'><strong>persolverunt</strong></span> <span class='ocrx_word' id='word_1_120' title='bbox 1110 2631 1143 2686; x_wconf 86' lang='lat' dir='ltr'><strong>et</strong></span> <span class='ocrx_word' id='word_1_121' title='bbox 1164 2623 1275 2708; x_wconf 78' lang='lat' dir='ltr'><strong>regiae</strong></span> <span class='ocrx_word' id='word_1_122' title='bbox 1298 2623 1346 2689; x_wconf 93' lang='lat' dir='ltr'><strong>di-</strong></span> 
     </span>
     <span class='ocr_line' id='line_1_18' title="bbox 338 2725 1346 2815; baseline 0 -19"><span class='ocrx_word' id='word_1_123' title='bbox 338 2729 414 2796; x_wconf 89' lang='lat' dir='ltr'><strong>tioni</strong></span> <span class='ocrx_word' id='word_1_124' title='bbox 435 2748 474 2794; x_wconf 88' lang='lat' dir='ltr'><strong>se</strong></span> <span class='ocrx_word' id='word_1_125' title='bbox 497 2747 620 2815; x_wconf 84' lang='lat' dir='ltr'><strong>suaque</strong></span> <span class='ocrx_word' id='word_1_126' title='bbox 643 2725 817 2806; x_wconf 85' lang='lat' dir='ltr'><strong>dedentes,</strong></span> <span class='ocrx_word' id='word_1_127' title='bbox 841 2726 1003 2814; x_wconf 80' lang='lat' dir='ltr'><strong>privilegia</strong></span> <span class='ocrx_word' id='word_1_128' title='bbox 1028 2727 1159 2794; x_wconf 85' lang='lat' dir='ltr'><strong>civitatis</strong></span> <span class='ocrx_word' id='word_1_129' title='bbox 1183 2728 1346 2808; x_wconf 85' lang='lat' dir='ltr'><strong>Tollensis,</strong></span> 
     </span>
     <span class='ocr_line' id='line_1_19' title="bbox 338 2830 1346 2922; baseline 0.002 -22"><span class='ocrx_word' id='word_1_130' title='bbox 338 2855 422 2922; x_wconf 90' lang='lat' dir='ltr'><strong>qnae</strong></span> <span class='ocrx_word' id='word_1_131' title='bbox 444 2832 589 2900; x_wconf 73' lang='lat' dir='ltr'><strong>Acontius</strong></span> <span class='ocrx_word' id='word_1_132' title='bbox 621 2830 727 2900; x_wconf 88' lang='lat' dir='ltr'><strong>denuo</strong></span> <span class='ocrx_word' id='word_1_133' title='bbox 756 2831 968 2912; x_wconf 80' lang='lat' dir='ltr'><strong>confirmauit,</strong></span> <span class='ocrx_word' id='word_1_134' title='bbox 995 2852 1034 2899; x_wconf 90' lang='lat' dir='ltr'><strong>se</strong></span> <span class='ocrx_word' id='word_1_135' title='bbox 1062 2833 1253 2901; x_wconf 74' lang='lat' dir='ltr'><strong>infuturum</strong></span> <span class='ocrx_word' id='word_1_136' title='bbox 1277 2855 1346 2902; x_wconf 89' lang='lat' dir='ltr'><strong>ser-</strong></span> 
     </span>
     <span class='ocr_line' id='line_1_20' title="bbox 337 2938 1346 3024; baseline 0.003 -19"><span class='ocrx_word' id='word_1_137' title='bbox 337 2952 466 3007; x_wconf 81' lang='lat' dir='ltr'><strong>vaturos</strong></span> <span class='ocrx_word' id='word_1_138' title='bbox 490 2959 565 3007; x_wconf 89' lang='lat' dir='ltr'><strong>esse</strong></span> <span class='ocrx_word' id='word_1_139' title='bbox 584 2939 777 3024; x_wconf 84' lang='lat' dir='ltr'><strong>juraverunt.</strong></span> <span class='ocrx_word' id='word_1_140' title='bbox 830 2938 957 3005; x_wconf 83' lang='lat' dir='ltr'><strong>Etiamsi</strong></span> <span class='ocrx_word' id='word_1_141' title='bbox 990 2939 1019 3004; x_wconf 88' lang='lat' dir='ltr'><strong>in</strong></span> <span class='ocrx_word' id='word_1_142' title='bbox 1043 2939 1161 3007; x_wconf 87' lang='lat' dir='ltr'><strong>eodem</strong></span> <span class='ocrx_word' id='word_1_143' title='bbox 1184 2956 1346 3008; x_wconf 87' lang='lat' dir='ltr'><strong>conventu</strong></span> 
     </span>
     <span class='ocr_line' id='line_1_21' title="bbox 308 3044 1347 3134; baseline 0.002 -22"><span class='ocrx_word' id='word_1_144' title='bbox 308 3129 309 3134; x_wconf 8' lang='grc' dir='ltr'>ἵ</span> <span class='ocrx_word' id='word_1_145' title='bbox 339 3067 396 3113; x_wconf 82' lang='lat' dir='ltr'><strong>rex</strong></span> <span class='ocrx_word' id='word_1_146' title='bbox 424 3044 600 3132; x_wconf 83' lang='lat' dir='ltr'><strong>compluria</strong></span> <span class='ocrx_word' id='word_1_147' title='bbox 629 3045 690 3110; x_wconf 85' lang='lat' dir='ltr'><strong>alia</strong></span> <span class='ocrx_word' id='word_1_148' title='bbox 712 3066 842 3132; x_wconf 90' lang='lat' dir='ltr'><strong>quoque</strong></span> <span class='ocrx_word' id='word_1_149' title='bbox 866 3044 953 3112; x_wconf 82' lang='lat' dir='ltr'><strong>ciero</strong></span> <span class='ocrx_word' id='word_1_150' title='bbox 973 3045 1194 3134; x_wconf 83' lang='lat' dir='ltr'><strong>Lothuringieo</strong></span> <span class='ocrx_word' id='word_1_151' title='bbox 1217 3048 1347 3134; x_wconf 80' lang='lat' dir='ltr'><strong>privile-</strong></span> 
     </span>
     <span class='ocr_line' id='line_1_22' title="bbox 338 3149 1346 3239; baseline 0.002 -21"><span class='ocrx_word' id='word_1_152' title='bbox 338 3153 388 3239; x_wconf 78' lang='lat' dir='ltr'><strong>gia</strong></span> <span class='ocrx_word' id='word_1_153' title='bbox 413 3149 502 3218; x_wconf 89' lang='lat' dir='ltr'><strong>dedit</strong></span> <span class='ocrx_word' id='word_1_154' title='bbox 521 3150 557 3236; x_wconf 82' lang='lat'><strong>⁴),</strong></span> <span class='ocrx_word' id='word_1_155' title='bbox 581 3151 750 3238; x_wconf 85' lang='lat' dir='ltr'><strong>optimates</strong></span> <span class='ocrx_word' id='word_1_156' title='bbox 770 3151 839 3239; x_wconf 87' lang='lat' dir='ltr'><strong>ejus</strong></span> <span class='ocrx_word' id='word_1_157' title='bbox 861 3152 1058 3238; x_wconf 85' lang='lat' dir='ltr'><strong>provinciae,</strong></span> <span class='ocrx_word' id='word_1_158' title='bbox 1080 3155 1131 3219; x_wconf 88' lang='lat' dir='ltr'><strong>oui</strong></span> <span class='ocrx_word' id='word_1_159' title='bbox 1154 3153 1346 3221; x_wconf 85' lang='lat' dir='ltr'><strong>Zuentebai-</strong></span> 
     </span>
     <span class='ocr_line' id='line_1_23' title="bbox 338 3256 1345 3347; baseline 0.003 -24"><span class='ocrx_word' id='word_1_160' title='bbox 338 3257 412 3323; x_wconf 90' lang='lat' dir='ltr'><strong>dnm</strong></span> <span class='ocrx_word' id='word_1_161' title='bbox 437 3268 528 3345; x_wconf 87' lang='lat' dir='ltr'><strong>pater</strong></span> <span class='ocrx_word' id='word_1_162' title='bbox 547 3256 726 3344; x_wconf 84' lang='lat' dir='ltr'><strong>praeficere</strong></span> <span class='ocrx_word' id='word_1_163' title='bbox 749 3257 861 3335; x_wconf 85' lang='lat' dir='ltr'><strong>voluit,</strong></span> <span class='ocrx_word' id='word_1_164' title='bbox 884 3259 1013 3325; x_wconf 86' lang='lat' dir='ltr'><strong>minime</strong></span> <span class='ocrx_word' id='word_1_165' title='bbox 1035 3271 1070 3324; x_wconf 89' lang='lat' dir='ltr'><strong>ut</strong></span> <span class='ocrx_word' id='word_1_166' title='bbox 1092 3260 1121 3324; x_wconf 87' lang='lat' dir='ltr'><strong>ei</strong></span> <span class='ocrx_word' id='word_1_167' title='bbox 1143 3280 1181 3324; x_wconf 85' lang='lat' dir='ltr'><strong>se</strong></span> <span class='ocrx_word' id='word_1_168' title='bbox 1204 3259 1345 3347; x_wconf 69' lang='lat' dir='ltr'><strong>subjice·</strong></span> 
     </span>
     <span class='ocr_line' id='line_1_24' title="bbox 336 3363 1345 3451; baseline 0.002 -21"><span class='ocrx_word' id='word_1_169' title='bbox 336 3374 409 3430; x_wconf 84' lang='lat' dir='ltr'><strong>rent</strong></span> <span class='ocrx_word' id='word_1_170' title='bbox 437 3363 624 3448; x_wconf 80' lang='lat' dir='ltr'><strong>persuaderi</strong></span> <span class='ocrx_word' id='word_1_171' title='bbox 655 3376 827 3451; x_wconf 87' lang='lat' dir='ltr'><strong>potuerunt</strong></span> <span class='ocrx_word' id='word_1_172' title='bbox 845 3366 879 3451; x_wconf 81' lang='lat'><strong>¹).</strong></span> <span class='ocrx_word' id='word_1_173' title='bbox 933 3365 1070 3432; x_wconf 82' lang='lat' dir='ltr'><strong>Consilio</strong></span> <span class='ocrx_word' id='word_1_174' title='bbox 1094 3364 1187 3451; x_wconf 83' lang='lat' dir='ltr'><strong>igitur</strong></span> <span class='ocrx_word' id='word_1_175' title='bbox 1206 3366 1240 3432; x_wconf 84' lang='lat' dir='ltr'><strong>io</strong></span> <span class='ocrx_word' id='word_1_176' title='bbox 1264 3376 1345 3433; x_wconf 87' lang='lat' dir='ltr'><strong>tem·</strong></span> 
     </span>
    </p>
   </div>
   <div class='ocr_carea' id='block_1_4' title="bbox 332 3540 1345 4138">
    <p class='ocr_par' dir='ltr' id='par_1_4' title="bbox 409 3540 1324 3610">
     <span class='ocr_line' id='line_1_25' title="bbox 409 3540 1324 3610; baseline 0.004 -18"><span class='ocrx_word' id='word_1_177' title='bbox 409 3540 434 3606; x_wconf 82' lang='lat' dir='ltr'><strong>t)</strong></span> <span class='ocrx_word' id='word_1_178' title='bbox 471 3543 593 3608; x_wconf 86' lang='lat' dir='ltr'><strong>Bouquet</strong></span> <span class='ocrx_word' id='word_1_179' title='bbox 610 3545 652 3609; x_wconf 83' lang='lat' dir='ltr'><strong>lX,</strong></span> <span class='ocrx_word' id='word_1_180' title='bbox 672 3549 722 3595; x_wconf 82' lang='grc'><strong>887</strong></span> <span class='ocrx_word' id='word_1_181' title='bbox 742 3547 788 3597; x_wconf 90' lang='lat' dir='ltr'><strong>etr.</strong></span> <span class='ocrx_word' id='word_1_182' title='bbox 807 3546 921 3598; x_wconf 83' lang='lat' dir='ltr'><strong>Eckhart</strong></span> <span class='ocrx_word' id='word_1_183' title='bbox 939 3547 968 3599; x_wconf 82' lang='lat' dir='ltr'><strong>tr.</strong></span> <span class='ocrx_word' id='word_1_184' title='bbox 990 3550 1049 3597; x_wconf 79' lang='grc'><strong>788.</strong></span> <span class='ocrx_word' id='word_1_185' title='bbox 1120 3546 1145 3607; x_wconf 78' lang='lat'><strong>2)</strong></span> <span class='ocrx_word' id='word_1_186' title='bbox 1183 3547 1324 3610; x_wconf 54' lang='lat' dir='ltr'><strong>Remoto.</strong></span> 
     </span>
    </p>

    <p class='ocr_par' dir='ltr' id='par_1_5' title="bbox 332 3626 1345 4138">
     <span class='ocr_line' id='line_1_26' title="bbox 409 3626 1345 3696; baseline 0.007 -17"><span class='ocrx_word' id='word_1_187' title='bbox 409 3626 434 3693; x_wconf 86' lang='grc'><strong>8)</strong></span> <span class='ocrx_word' id='word_1_188' title='bbox 470 3631 499 3681; x_wconf 90' lang='lat' dir='ltr'><strong>In</strong></span> <span class='ocrx_word' id='word_1_189' title='bbox 518 3631 600 3683; x_wconf 84' lang='lat' dir='ltr'><strong>verba</strong></span> <span class='ocrx_word' id='word_1_190' title='bbox 620 3633 769 3696; x_wconf 82' lang='lat' dir='ltr'><strong>diplomatis</strong></span> <span class='ocrx_word' id='word_1_191' title='bbox 791 3649 818 3684; x_wconf 89' lang='lat' dir='ltr'><strong>n.</strong></span> <span class='ocrx_word' id='word_1_192' title='bbox 840 3639 863 3685; x_wconf 85' lang='lat' dir='ltr'><strong>t.</strong></span> <span class='ocrx_word' id='word_1_193' title='bbox 880 3634 989 3685; x_wconf 82' lang='lat' dir='ltr'><strong>laudati:</strong></span> <span class='ocrx_word' id='word_1_194' title='bbox 1016 3647 1125 3696; x_wconf 86' lang='lat' dir='ltr'><strong>„comes</strong></span> <span class='ocrx_word' id='word_1_195' title='bbox 1144 3633 1297 3696; x_wconf 84' lang='lat' dir='ltr'><strong>Stephanus</strong></span> <span class='ocrx_word' id='word_1_196' title='bbox 1318 3640 1345 3688; x_wconf 86' lang='lat' dir='ltr'><strong>et</strong></span> 
     </span>
     <span class='ocr_line' id='line_1_27' title="bbox 335 3719 1344 3786; baseline 0.007 -18"><span class='ocrx_word' id='word_1_197' title='bbox 335 3719 467 3769; x_wconf 82' lang='lat' dir='ltr'><strong>Gerendus</strong></span> <span class='ocrx_word' id='word_1_198' title='bbox 485 3719 566 3771; x_wconf 80' lang='lat' dir='ltr'><strong>irater</strong></span> <span class='ocrx_word' id='word_1_199' title='bbox 587 3733 653 3771; x_wconf 88' lang='lat' dir='ltr'><strong>suns</strong></span> <span class='ocrx_word' id='word_1_200' title='bbox 672 3725 699 3771; x_wconf 86' lang='lat' dir='ltr'><strong>et</strong></span> <span class='ocrx_word' id='word_1_201' title='bbox 719 3720 872 3774; x_wconf 79' lang='lat' dir='ltr'><strong>Mattddns&#39;&#39;</strong></span> <span class='ocrx_word' id='word_1_202' title='bbox 900 3723 990 3772; x_wconf 77' lang='lat' dir='ltr'><strong>vitium</strong></span> <span class='ocrx_word' id='word_1_203' title='bbox 1014 3724 1172 3786; x_wconf 79' lang='lat' dir='ltr'><strong>irrepsisse,</strong></span> <span class='ocrx_word' id='word_1_204' title='bbox 1199 3724 1344 3775; x_wconf 69' lang='lat' dir='ltr'><strong>venmmtte</strong></span> 
     </span>
     <span class='ocr_line' id='line_1_28' title="bbox 333 3808 1345 3873; baseline 0.006 -16"><span class='ocrx_word' id='word_1_205' title='bbox 333 3809 389 3869; x_wconf 85' lang='lat' dir='ltr'><strong>est,</strong></span> <span class='ocrx_word' id='word_1_206' title='bbox 408 3809 469 3872; x_wconf 86' lang='lat' dir='ltr'><strong>quia</strong></span> <span class='ocrx_word' id='word_1_207' title='bbox 487 3808 599 3873; x_wconf 81' lang='lat' dir='ltr'><strong>Regino,</strong></span> <span class='ocrx_word' id='word_1_208' title='bbox 616 3810 762 3860; x_wconf 79' lang='lat' dir='ltr'><strong>Ger-ardum</strong></span> <span class='ocrx_word' id='word_1_209' title='bbox 781 3815 808 3862; x_wconf 88' lang='lat' dir='ltr'><strong>et</strong></span> <span class='ocrx_word' id='word_1_210' title='bbox 825 3808 974 3862; x_wconf 77' lang='lat' dir='ltr'><strong>idatiridum</strong></span> <span class='ocrx_word' id='word_1_211' title='bbox 994 3811 1087 3862; x_wconf 81' lang='lat' dir='ltr'><strong>fratres</strong></span> <span class='ocrx_word' id='word_1_212' title='bbox 1107 3811 1189 3862; x_wconf 79' lang='lat' dir='ltr'><strong>tuisse</strong></span> <span class='ocrx_word' id='word_1_213' title='bbox 1210 3809 1289 3872; x_wconf 81' lang='lat' dir='ltr'><strong>dicit,</strong></span> <span class='ocrx_word' id='word_1_214' title='bbox 1310 3813 1345 3863; x_wconf 89' lang='lat' dir='ltr'><strong>de</strong></span> 
     </span>
     <span class='ocr_line' id='line_1_29' title="bbox 333 3895 1343 3963; baseline 0.006 -18"><span class='ocrx_word' id='word_1_215' title='bbox 333 3895 476 3958; x_wconf 80' lang='lat' dir='ltr'><strong>Stephano,</strong></span> <span class='ocrx_word' id='word_1_216' title='bbox 496 3909 576 3960; x_wconf 89' lang='lat' dir='ltr'><strong>quem</strong></span> <span class='ocrx_word' id='word_1_217' title='bbox 595 3900 702 3961; x_wconf 86' lang='lat' dir='ltr'><strong>saepius</strong></span> <span class='ocrx_word' id='word_1_218' title='bbox 722 3913 782 3950; x_wconf 88' lang='lat' dir='ltr'><strong>cum</strong></span> <span class='ocrx_word' id='word_1_219' title='bbox 801 3901 847 3951; x_wconf 84' lang='lat' dir='ltr'><strong>ittis</strong></span> <span class='ocrx_word' id='word_1_220' title='bbox 866 3901 964 3963; x_wconf 85' lang='lat' dir='ltr'><strong>pariter</strong></span> <span class='ocrx_word' id='word_1_221' title='bbox 981 3902 1179 3958; x_wconf 84' lang='lat' dir='ltr'><strong>commemorat,</strong></span> <span class='ocrx_word' id='word_1_222' title='bbox 1197 3911 1252 3949; x_wconf 85' lang='lat' dir='ltr'><strong>uon</strong></span> <span class='ocrx_word' id='word_1_223' title='bbox 1270 3900 1343 3951; x_wconf 81' lang='lat' dir='ltr'><strong>idem</strong></span> 
     </span>
     <span class='ocr_line' id='line_1_30' title="bbox 334 3981 1343 4054; baseline 0.007 -24"><span class='ocrx_word' id='word_1_224' title='bbox 334 3981 460 4032; x_wconf 80' lang='lat' dir='ltr'><strong>reterens.</strong></span> <span class='ocrx_word' id='word_1_225' title='bbox 496 3982 608 4036; x_wconf 79' lang='lat' dir='ltr'><strong>diberici</strong></span> <span class='ocrx_word' id='word_1_226' title='bbox 628 3989 715 4049; x_wconf 85' lang='lat' dir='ltr'><strong>potins</strong></span> <span class='ocrx_word' id='word_1_227' title='bbox 735 3988 822 4052; x_wconf 80' lang='lat' dir='ltr'><strong>irater,</strong></span> <span class='ocrx_word' id='word_1_228' title='bbox 842 3991 885 4054; x_wconf 84' lang='lat' dir='ltr'><strong>qut</strong></span> <span class='ocrx_word' id='word_1_229' title='bbox 905 4003 966 4040; x_wconf 89' lang='lat' dir='ltr'><strong>cum</strong></span> <span class='ocrx_word' id='word_1_230' title='bbox 984 3989 1095 4052; x_wconf 75' lang='lat' dir='ltr'><strong>Hugone</strong></span> <span class='ocrx_word' id='word_1_231' title='bbox 1114 3987 1250 4052; x_wconf 89' lang='lat' dir='ltr'><strong>quondam</strong></span> <span class='ocrx_word' id='word_1_232' title='bbox 1272 3985 1343 4052; x_wconf 81' lang='lat' dir='ltr'><strong>feeit,</strong></span> 
     </span>
     <span class='ocr_line' id='line_1_31' title="bbox 332 4068 1254 4138; baseline 0.008 -20"><span class='ocrx_word' id='word_1_233' title='bbox 332 4068 414 4120; x_wconf 82' lang='lat' dir='ltr'><strong>tuisse</strong></span> <span class='ocrx_word' id='word_1_234' title='bbox 433 4069 544 4123; x_wconf 80' lang='lat' dir='ltr'><strong>videtur.</strong></span> <span class='ocrx_word' id='word_1_235' title='bbox 563 4073 647 4138; x_wconf 68' lang='lat' dir='ltr'><strong>(dep,</strong></span> <span class='ocrx_word' id='word_1_236' title='bbox 668 4073 742 4136; x_wconf 89' lang='grc'><strong>888).</strong></span> <span class='ocrx_word' id='word_1_237' title='bbox 761 4102 793 4114; x_wconf 91' lang='lat'><strong>-·</strong></span> <span class='ocrx_word' id='word_1_238' title='bbox 868 4077 892 4138; x_wconf 78' lang='lat' dir='ltr'><strong>t)</strong></span> <span class='ocrx_word' id='word_1_239' title='bbox 928 4076 1058 4126; x_wconf 86' lang='lat' dir='ltr'><strong>Boehmer</strong></span> <span class='ocrx_word' id='word_1_240' title='bbox 1078 4079 1154 4138; x_wconf 79' lang='lat' dir='ltr'><strong>tros,</strong></span> <span class='ocrx_word' id='word_1_241' title='bbox 1176 4078 1254 4125; x_wconf 79' lang='lat' dir='ltr'><strong>ssus.</strong></span> 
     </span>
    </p>
   </div>
   <div class='ocr_carea' id='block_1_5' title="bbox 330 4158 1342 4297">
    <p class='ocr_par' dir='ltr' id='par_1_6' title="bbox 330 4158 1342 4297">
     <span class='ocr_line' id='line_1_32' title="bbox 405 4158 1342 4229; baseline 0.005 -21"><span class='ocrx_word' id='word_1_242' title='bbox 405 4158 430 4218; x_wconf 77' lang='lat'><strong>5)</strong></span> <span class='ocrx_word' id='word_1_243' title='bbox 467 4159 538 4224; x_wconf 71' lang='lat' dir='ltr'><strong>Rep,</strong></span> <span class='ocrx_word' id='word_1_244' title='bbox 559 4166 608 4212; x_wconf 78' lang='lat' dir='ltr'><strong>eet</strong></span> <span class='ocrx_word' id='word_1_245' title='bbox 632 4164 754 4224; x_wconf 86' lang='lat' dir='ltr'><strong>„minime</strong></span> <span class='ocrx_word' id='word_1_246' title='bbox 773 4167 914 4229; x_wconf 86' lang='lat' dir='ltr'><strong>optimates</strong></span> <span class='ocrx_word' id='word_1_247' title='bbox 927 4190 957 4202; x_wconf 96' lang='lat'><em>-</em></span> <span class='ocrx_word' id='word_1_248' title='bbox 971 4179 1001 4216; x_wconf 88' lang='lat' dir='ltr'><strong>ea</strong></span> <span class='ocrx_word' id='word_1_249' title='bbox 1022 4166 1080 4215; x_wconf 85' lang='lat' dir='ltr'><strong>viee</strong></span> <span class='ocrx_word' id='word_1_250' title='bbox 1099 4176 1242 4215; x_wconf 85' lang='lat' dir='ltr'><strong>assensum</strong></span> <span class='ocrx_word' id='word_1_251' title='bbox 1261 4176 1342 4226; x_wconf 88' lang='lat' dir='ltr'><strong>prue-</strong></span> 
     </span>
     <span class='ocr_line' id='line_1_33' title="bbox 330 4244 524 4297; baseline 0.005 -3"><span class='ocrx_word' id='word_1_252' title='bbox 330 4244 453 4297; x_wconf 85' lang='lat' dir='ltr'><strong>buerunt.</strong></span> <span class='ocrx_word' id='word_1_253' title='bbox 462 4248 473 4266; x_wconf 77' lang='lat'><strong>‘¹</strong></span> <span class='ocrx_word' id='word_1_254' title='bbox 492 4274 524 4284; x_wconf 90' lang='lat'>-</span> 
     </span>
    </p>
   </div>
   <div class='ocr_carea' id='block_1_6' title="bbox 0 0 1402 4958">
    <p class='ocr_par' dir='ltr' id='par_1_7' title="bbox 0 0 1402 4958">
     <span class='ocr_line' id='line_1_34' title="bbox 0 0 1402 4958; baseline 0 2"><span class='ocrx_word' id='word_1_255' title='bbox 0 0 1402 4958; x_wconf 95' lang='lat' dir='ltr'><strong> </strong></span> 
     </span>
    </p>
   </div>
  </div>
 </body>
</html>
