2796 4958
559 621 660 715 aaa

86 818 152 908 puli
186 820 388 897 convocavit,
423 839 507 906 quae
532 818 632 884 >Otam
668 819 811 905 reginam
836 816 864 901 ¹)
892 813 933 878 de
963 814 1095 905 crimine

86 924 240 1004 adulterii,
264 927 354 1012 cujus
378 937 529 991 accusata
553 937 637 997 erat,
661 926 864 1012 septuaginta
887 919 1014 986 duobus
1037 920 1096 985 bo-

86 1031 222 1098 minibus
252 1034 282 1097 in
313 1032 383 1118 ejus
417 1031 628 1096 innocentiam
653 1030 848 1117 jurantibu5‚
883 1026 1021 1093 absolvit
1052 1045 1093 1092 ac

85 1137 193 1224 paullo
217 1150 291 1225 post
313 1137 366 1201 die
389 1136 418 1203 2.
442 1136 509 1201 lulii
535 1159 636 1204 mens.
659 1122 803 1202 arnallus
831 1155 914 1221 „per
936 1135 1095 1199 interven·

87 1256 152 1308 tum
177 1242 293 1309 dilecte
317 1243 477 1329 conjugis’'
500 1245 693 1308 monasterio
713 1242 889 1328 Ottingensi
907 1242 936 1325 ¹)
960 1241 1093 1327 praedia

85 1349 235 1414 nonnulla
264 1348 402 1416 donavit.
459 1350 536 1414 Tum
573 1348 638 1414 duo
668 1369 799 1435 quoque
831 1348 886 1412 viri
917 1357 949 1412 et
977 1346 1093 1412 lamina

86 1453 257 1540 quaedam,
280 1456 330 1521 cui
354 1454 544 1542 lludpurgae
567 1475 683 1520 nomen
702 1465 779 1528 erat,
802 1473 913 1538 regem
936 1450 1094 1517 venalicio

84 1560 127 1625 ab
152 1560 190 1625 iis
213 1559 350 1649 paralysi
374 1560 524 1626 affectum
548 1582 623 1626 esse
646 1559 748 1646 arguti
771 1571 851 1630 sunt.
876 1571 907 1624 et
927 1559 1009 1624 baec
1026 1560 1092 1646 qui-

86 1663 161 1730 dem
187 1665 369 1751 Ebilinguac
391 1667 422 1731 in
445 1667 584 1754 patibulo
608 1684 767 1752 suspensa
789 1663 881 1739 obiit,
904 1664 1026 1730 illorum
1050 1663 1095 1728 al·

85 1782 135 1834 ter
157 1770 296 1836 Graman
321 1771 470 1859 Ottingae
493 1795 512 1839 a
536 1773 687 1851 carnifice
709 1782 842 1837 necatus
866 1781 930 1844 est,
962 1769 1041 1836 alter
1063 1772 1094 1836 in

87 1875 205 1941 ltaliam
236 1877 361 1964 aufugit
418 1879 563 1965 Scn'ptcr
592 1878 753 1946 Fuldensis
785 1888 849 1942 tam
878 1875 1006 1941 delinito
1036 1896 1096 1943 eos

86 1980 201 2067 culpae
215 1984 379 2048 convictos
404 2004 477 2048 esse
502 1984 644 2062 affirmat,
666 1995 699 2049 ut
721 1982 815 2060 nobis
837 1981 897 2046 hac
921 1981 963 2047 de
981 2003 1016 2047 re
1036 1982 1095 2048 du-

85 2086 176 2151 bitari
205 2108 268 2154 non
299 2090 406 2166 liceat,
438 2089 708 2155 considerandum
738 2101 843 2154 tamen
867 2098 930 2164 est,
962 2088 1093 2154 Carolo-

85 2213 233 2258 mannum
257 2206 381 2280 patrem
406 2196 491 2282 regis
522 2197 591 2261 sine
622 2195 735 2261 veneni
765 2194 950 2279 suspicione
973 2194 1092 2259 eodem

86 2297 170 2364 malo
204 2298 371 2366 laborasse
406 2311 502 2388 atque
532 2304 699 2389 Hammam
718 2306 748 2378 ⁸)
783 2319 912 2386 quoque
944 2297 1093 2365 ludovici

85 2405 264 2472 Germanici
286 2428 415 2473 uxorem
441 2408 519 2473 illius
543 2409 644 2474 aviam
668 2407 758 2473 simili
784 2405 881 2470 modo
904 2406 1093 2471 excessisse.

84 2514 208 2577 lnterea
227 2509 269 2596 ⁴),
299 2512 435 2579 lot-tasse
460 2514 528 2600 jam
552 2535 635 2580 anno
660 2511 892 2597 praecedente,
924 2513 1093 2578 Ysanricus

84 2617 232 2684 laibonis
265 2617 345 2684 lilius
381 2620 563 2706 imperatori
596 2638 778 2705 repugnans
808 2628 933 2704 partem
964 2638 1093 2684 marcae

87 2724 245 2790 orientalis
268 2727 381 2791 invasit
404 2747 509 2814 acqua
533 2726 675 2804 arnulfo,
705 2727 758 2814 qui
783 2724 922 2790 nondum
945 2724 1040 2789 leoni'
1054 2722 1093 2787 illi

85 2842 221 2917 aegroto
243 2831 351 2897 similis
383 2843 466 2907 erat,
498 2831 528 2895 in
561 2831 666 2896 labala
690 2832 846 2917 Aesopiua
871 2829 912 2895 ab
936 2828 1029 2894 asino
1049 2828 1097 2894 lu·

85 2935 188 3003 dibrio
200 2935 334 3015 babitus
355 2948 473 3004 tantam
493 2936 741 3024 indignationem
759 2937 861 3014 movit,
878 2945 912 3000 ut
928 2934 979 3000 hic
995 2954 1094 3020 prop·

86 3056 136 3111 tcr
159 3044 303 3128 corporis
328 3042 571 3108 imbecillitatem
596 3045 666 3110 navi
690 3041 866 3115 Danubium
896 3035 1096 3108 transvectus

87 3163 161 3217 eum
191 3150 221 3214 in
256 3149 381 3214 civitate
411 3148 527 3213 Mutina
558 3146 721 3236 (blantern)
756 3163 957 3234 oppugnaret
989 3160 1021 3213 et
1055 3145 1096 3213 ad

86 3257 282 3324 deditionem
305 3255 414 3321 venire
438 3264 578 3340 cogeret.
633 3255 712 3320 Dein
735 3274 822 3330 vero,
847 3272 918 3318 cum
946 3274 964 3318 a
989 3263 1097 3318 custo·

87 3363 181 3429 dibus
205 3359 409 3427 Ratisbonam
443 3359 632 3438 traheretur,
664 3359 705 3426 ad
735 3361 881 3425 Moravos
910 3357 1097 3444 confugiens

87 3491 199 3535 corum
225 3466 408 3553 adjumento
434 3464 539 3532 denuo
563 3466 622 3532 sibi
647 3484 786 3531 marcam
811 3464 893 3528 illam
916 3463 1044 3549 arripuit
1065 3474 1099 3527 et

87 3593 171 3660 pace
204 3570 333 3637 demum
364 3592 390 3636 a.
416 3571 478 3636 eut
502 3578 527 3657 ⁵)
558 3592 630 3637 cum
654 3572 809 3660 Moymiro
843 3570 1020 3656 composita
1044 3588 1099 3633 ve-

46 3817 48 3820 ,
160 3747 185 3814 1)
223 3737 287 3800 ann.
307 3750 378 3800 Fuld.
398 3755 456 3812 899,
482 3752 527 3801 clr.
546 3753 636 3802 chron.
657 3753 789 3805 Heriman.
810 3750 841 3810 (a.
861 3744 937 3811 899),
963 3749 1007 3811 qui
1027 3747 1099 3797 sub-

87 3840 204 3891 obscura
224 3840 360 3900 scriptoris
380 3839 515 3890 Fuldensls
534 3840 617 3890 verba
636 3840 760 3902 explanat
779 3834 862 3906 (Perta
882 3838 927 3888 sS.
945 3837 977 3900 V,
1000 3834 1060 3895 111)

159 3927 185 3986 t)
225 3925 269 3976 alr.
290 3940 316 3989 p.
340 3929 388 3976 181
410 3941 435 3976 a.
454 3933 479 3978 8.
563 3930 587 3990 8)
623 3930 688 3978 Αηιι.
705 3929 785 3990 Fato,
805 3931 865 3988 871,
888 3928 948 3977 878.

163 4015 188 4074 t)
225 4013 285 4064 ibid.
306 4017 365 4064 899.

163 4095 190 4165 8)
226 4101 322 4149 Herim.
354 4102 450 4152 Chaon.
478 4106 527 4152 att
559 4101 737 4168 „Moymarus
767 4105 819 4154 dux
851 4101 1045 4153 Marahensium
1075 4101 1104 4150 et

88 4172 224 4221 lsanricus
243 4174 353 4222 Noricus
374 4187 480 4235 comes,
507 4177 550 4237 qul
576 4176 716 4238 adipsum
736 4175 911 4239 transfugerat
929 4183 991 4224 cum
1009 4171 1104 4222 Ludo-

90 4243 152 4292 vico
172 4257 234 4306 rego
256 4244 387 4306 pacificati
406 4246 489 4296 sunt?
