2796 4958
87 841 201 908 regem
222 821 340 887 lactum
364 818 462 885 luisse
484 817 565 885 dicit
582 817 615 902 ι1,
636 817 677 913 si,
695 805 931 885 utllckhartus
945 820 1093 905 opinatum

88 939 152 1004 ost,
182 926 224 992 ad
248 926 382 1011 gratiam
411 923 532 994 illorum
561 923 621 988 sibi
650 921 881 988 conciliandam
907 921 1093 1009 adjumento

88 1044 164 1098 erat
210 1032 319 1117 Copiis
340 1030 433 1116 igitur
443 1028 515 1094 :sibi
538 1028 655 1096 deditis
671 1025 887 1099 circumdatus
910 1039 943 1094 et
956 1029 1094 1098 loedere

87 1158 160 1203 cum
185 1140 378 1202 Francorum
402 1135 604 1220 proceribus,
635 1130 754 1221 quial)
776 1129 926 1199 omuibus
954 1136 1102 1222 scriptu·

87 1242 175 1309 ribus
198 1252 346 1309 auctores
371 1239 559 1308 delectionis
572 1241 669 1307 luisse
691 1237 833 1302 feruutur
852 1236 887 1319 ¹),
909 1239 992 1305 ulam
1014 1241 1092 1311 inito

88 1347 200 1422 fretus,
230 1346 293 1413 dux
322 1345 520 1417 Corinthiuus
549 1345 579 1409 in
600 1342 764 1408 Franciam
795 1353 900 1407 castra
930 1346 1030 1412 movit
1057 1358 1091 1412 et

86 1467 247 1541 tamquam
270 1452 430 1536 legitimus
452 1448 545 1533 regni
567 1447 670 1521 lieres,
700 1445 792 1529 regio
819 1448 946 1513 nomine
967 1471 1092 1518 assum

88 1570 152 1643 pto,
175 1557 318 1641 singulos
341 1554 511 1639 optimates
534 1549 594 1617 sihi
617 1551 752 1641 quisque
775 1551 934 1622 seniorem
958 1555 1093 1630 (um

88 1662 177 1741 herr)
207 1681 283 1725 eum
308 1659 461 1744 eligentes
491 1653 578 1742 apud
609 1676 646 1721 se
674 1655 818 1740 recepit,
854 1654 916 1724 hac
944 1660 1093 1732 videlicet

89 1766 277 1842 rationem
300 1765 424 1851 priores
447 1761 569 1849 magnis
591 1758 758 1830 beneficiis
784 1770 819 1825 et
840 1760 1010 1850 privilegiis
1040 1788 1093 1835 ro-

89 1871 320 1946 muneraretur,
349 1868 560 1954 posteriorem
591 1865 652 1932 nisi
673 1885 769 1955 quam
792 1865 958 1935 celerrime
988 1871 1030 1939 ad
1052 1894 1091 1943 se

87 1976 239 2054 venirent,
262 1976 299 2040 iis
322 1973 437 2052 rebus,
467 1992 546 2063 quas
569 1970 775 2057 possiderent
801 1971 925 2057 privare
955 1977 1092 2047 ruinaru-¹

89 2094 136 2147 tur
157 2085 196 2158 ³).
241 2078 275 2144 ld
298 2090 406 2153 tamen
428 2077 564 2144 dubitari
580 2077 697 2167 nequit,
720 2076 859 2164 quinille
881 2099 946 2145 nou
960 2084 990 2146 io
1014 2104 1091 2150 con-

88 2186 174 2250 tione
198 2185 292 2251 totius
315 2182 425 2272 populi
450 2180 796 2255 electionesollemni,
823 2180 905 2247 sicut
928 2187 1092 2274 quondam

88 2300 198 2356 atavus
221 2290 290 2375 ejus
313 2289 474 2375 Pippinus,
495 2308 550 2353 rer
571 2286 612 2352 sit
632 2297 767 2362 creatus,
789 2283 849 2352 sed
873 2306 987 2355 omnes
1015 2314 1092 2378 pro,-

88 2405 161 2482 pter
183 2393 252 2480 ejus
273 2394 436 2480 originem,
459 2393 502 2458 ob
527 2410 727 2458 communem
753 2390 855 2455 Caroli
879 2399 1090 2481 contemptio-

31 2565 40 2578 ,
88 2519 161 2567 nem
193 2499 242 2565 vel
267 2510 386 2565 metum
409 2498 583 2576 exercituo,
619 2517 715 2583 quem
736 2515 854 2580 <secum
885 2496 985 2577 duxit,
1019 2504 1090 2590 ejus

88 2617 122 2670 ut
143 2604 274 2690 legitimi
295 2605 345 2670 sui
369 2604 486 2671 domini
511 2603 644 2688 imperio
667 2622 706 2667 se
727 2601 929 2687 subjecerint
971 2608 1090 2689 Quam.

90 2708 201 2777 obrem
243 2709 414 2795 scriptotes
453 2707 622 2795 aequalem
665 2707 829 2794 quomodo
868 2708 937 2793 ejus
976 2732 1089 2781 aseen-

89 2836 160 2880 sum
183 2815 347 2900 aptissime
368 2813 546 2900 significent
578 2813 776 2887 nescientes,
813 2810 920 2877 verbis
955 2817 1090 2888 variant:

91 2920 225 2996 „Franci
253 2919 408 2987 australes
427 2920 596 3005 -ejecto
621 2939 661 2984 eo
689 2920 732 2982 de
752 2938 851 3004 reguo
870 2951 914 2966 ··-
931 2922 1090 2994 ilroullum

89 3027 119 3093 in
141 3026 231 3112 regni
253 3024 335 3091 solo
351 3032 494 3116 ponuot“
514 3027 556 3109 ⁴);
579 3044 720 3104 „omnes
740 3024 969 3114 optimates-
991 3028 1031 3102 ad
1052 3052 1090 3101 so

164 3238 190 3300 1)
224 3240 406 3290 Hsn’mauna.
425 3244 485 3291 1191.

161 3324 188 3389 2)
224 3328 290 3376 Anu.
307 3327 379 3378 Fulrl
396 3327 461 3378 Pars
479 3329 513 3378 lv
530 3331 558 3378 et
575 3329 605 3377 V.
622 3342 646 3378 a.
665 3330 725 3378 887.

163 3411 190 3472 3)
226 3415 290 3464 lun.
309 3414 383 3466 Fuld.
404 3416 468 3466 Pars
487 3418 529 3480 lv,
549 3419 600 3466 887
623 3416 657 3464 ad
676 3427 707 3465 so
725 3415 864 3464 venientes
882 3415 909 3463 io
928 3426 1008 3467 suum
1029 3428 1090 3467 sus·

91 3502 161 3563 capit
171 3501 323 3562 dominium,
341 3504 563 3554 vanusnoleutes
575 3502 842 3564 benefieiisprivavit
862 3527 893 3539 -
911 3501 1091 3555 llari-ationem

91 3589 216 3650 anonymi
239 3588 446 3652 Wetngartensts
474 3589 527 3663 (ap.
552 3591 629 3643 lless.
657 3602 774 3639 monum.
800 3588 914 3638 Guelflea
948 3603 974 3652 p.
1002 3587 1030 3655 7)
1058 3591 1092 3643 do

88 3675 201 3724 Heinrici
220 3677 321 3724 comitis
340 3689 373 3724 ex
391 3677 541 3729 Guellorum
564 3677 658 3727 familia
681 3677 783 3727 oriundi
804 3668 951 3738 deditione,
976 3690 1044 3742 quae
1065 3683 1091 3728 et
1182 3668 1185 3673 ’

91 3761 142 3811 sub
156 3762 250 3811 carolo
266 3763 298 3811 111
318 3765 345 3811 et
363 3762 413 3811 sub
429 3762 535 3813 omullo
553 3762 620 3813 lacta
639 3776 701 3814 esse
716 3767 813 3827 potest,
833 3755 971 3814 G'trorerus
983 3759 1093 3830 (Gesoh,

90 3851 116 3898 d.
134 3853 197 3900 ost-
215 3864 240 3898 u.
258 3847 409 3899 westlrank.
427 3850 576 3913 llarolinger
592 3851 621 3900 ’1.
637 3851 676 3913 ll.)
701 3852 793 3916 aliique
817 3864 958 3914 perperam
983 3851 1016 3902 ad
1039 3854 1093 3903 Ar-

91 3936 152 3985 nulfi
180 3936 335 3987 electionem
364 3937 515 3990 retulerunt.
555 3935 600 3987 llio
625 3939 693 3988 euim
719 3950 778 3988 non·
798 3941 852 4005 regi
877 3939 965 3996 denuo
992 3945 1091 4000 creatu,

91 4011 140 4074 sed
168 4026 317 4087 imperatori
346 4025 512 4087 „hominium
536 4029 567 4077 ot
585 4025 779 4087 subJectiouem
801 4025 898 4090 leoit‘¹,
923 4039 972 4089 pro
997 4027 1092 4093 quibus

93 4117 160 4162 tuoe
179 4125 288 4167 mansos
308 4114 332 4161 in
353 4112 534 4176 superioribus
544 4115 668 4165 Batai-iae
682 4114 802 4175 portibus
813 4115 878 4165 sitos
890 4115 998 4175 recepit,
1018 4119 1093 4177 patra

92 4199 237 4255 ermenone
250 4201 282 4257 id>
297 4201 440 4259 unorum
459 4201 572 4255 dolente.
590 4225 625 4241 -
699 4199 726 4264 t)
762 4203 827 4251 lum
846 4201 952 4263 vedast.
969 4205 1080 4273 alst,
