2796 4958
791 618 865 684 ltttt

320 789 474 880 judicium
497 787 540 857 ibi
564 805 718 863 exercere
737 787 845 874 jussit,
880 809 945 877 quo
967 789 1021 871 lis,
1050 808 1147 880 quam
1171 803 1330 868 monasio

324 898 404 966 rium
428 897 586 984 augiense
609 914 682 969 cum
705 895 844 963 ecclesia
867 897 912 963 Sti
929 897 1084 967 Ambrosii
1102 897 1331 969 Mediolanensi

324 1003 448 1084 babuit,
480 1002 688 1073 dirimeretur.
735 1004 905 1091 Postquam
930 1005 1015 1070 enim
1036 1003 1203 1072 Lolltarius
1225 1005 1328 1091 impe·

324 1122 412 1178 rator
434 1130 463 1176 a.
485 1108 553 1179 835
576 1108 649 1176 huic
673 1108 833 1176 ecelesiae
857 1121 980 1181 cortem
1002 1111 1196 1188 Lomentum,
1222 1109 1264 1184 ad
1290 1109 1334 1177 la·

326 1236 399 1282 enm
428 1215 553 1309 Larium
582 1213 675 1280 sitam
705 1213 833 1281 donavit
853 1215 895 1300 ¹),
925 1217 1110 1304 augiaeque
1140 1213 1245 1283 abbas
1277 1238 1334 1283 seu

327 1341 456 1391 mansos
487 1336 559 1392 num
591 1318 641 1389 illa
670 1320 859 1408 conjunctos
881 1343 940 1398 suo
964 1321 1124 1397 coenobio
1156 1320 1333 1399 vindicavit

327 1427 459 1495 Carolus
483 1425 617 1493 Crassus
642 1425 710 1512 jam
733 1447 763 1495 a.
784 1425 854 1495 880
876 1427 1058 1507 Mediolani,
1087 1426 1222 1503 testibus
1243 1426 1333 1495 audi·

327 1536 365 1601 tis
386 1539 425 1614 ⁸),
449 1549 508 1620 per
530 1533 647 1599 missos
670 1552 747 1601 suos
770 1544 888 1602 terram
910 1534 992 1602 illam
1010 1535 1066 1602 Sto
1080 1533 1251 1605 Ambrosio
1274 1533 1332 1600 ad-

326 1640 410 1708 distr.
454 1640 544 1707 Noae
575 1659 653 1706 vero
677 1639 704 1721 ⁸)
734 1640 880 1709 monachi
911 1641 1089 1729 tegrenses
1118 1652 1332 1729 opportunam

326 1745 532 1814 occasionem
555 1745 640 1811 nacti
662 1744 812 1832 querelas
835 1766 893 1834 per
915 1748 1085 1825 Matonem
1112 1746 1332 1834 arehiepisco-

326 1874 402 1940 pum
434 1862 626 1919 renovarunt
665 1862 698 1917 et
726 1870 800 1920 cum
828 1835 1097 1932 Mediolanenses,
1130 1873 1218 1942 „pru
1249 1852 1331 1925 ostili

326 1958 552 2048 perseeutione
575 1956 674 2042 ipsius
696 1957 833 2025 Arnnlfi'’
863 1959 980 2029 nullum
1009 1959 1203 2029 advocatum
1231 1958 1333 2027 misis-

326 2075 405 2141 sent,
429 2060 624 2150 Magiolrodo
647 2076 680 2130 et
703 2065 848 2132 Waltone
872 2065 1027 2154 episcopo
1043 2064 1234 2151 Frisiegensl
1258 2064 1332 2136 mis-

326 2173 369 2238 sis
390 2169 476 2256 regis
496 2167 651 2255 judicium
664 2167 850 2248 iacientibus
864 2191 995 2249 causam
1007 2169 1219 2243 obtinuerunt
1254 2170 1333 2239 Pos-

326 2292 379 2344 tea
404 2290 509 2343 tamen
534 2296 645 2342 mense
669 2276 802 2345 Octobri
826 2299 853 2345 a.
876 2277 943 2345 896
968 2296 1041 2345 curn
1064 2275 1278 2344 Mediolanum
1302 2277 1333 2341 iu

327 2383 484 2450 Lambarti
508 2380 658 2447 ditionem
680 2383 845 2450 redactum
866 2397 954 2449 esset
968 2382 1067 2450 utensi
1089 2382 1129 2450 illi
1152 2403 1264 2451 rursus
1276 2383 1332 2449 Sto

326 2489 493 2557 Ambrosio
517 2487 621 2559 traditi
644 2501 717 2554 sunt
740 2493 778 2568 ⁴).
825 2492 869 2558 Ex
892 2490 1002 2558 charta
1025 2489 1078 2559 die
1104 2489 1155 2567 ll.
1171 2488 1270 2555 Martii
1294 2511 1334 2555 nn.

326 2596 507 2664 Placentiae
530 2592 614 2671 data,
637 2614 720 2681 quae
743 2595 836 2664 ltalici
860 2597 949 2684 regni
973 2617 1074 2666 annos
1098 2593 1228 2674 exbibet
1250 2595 1279 2682 ⁸)
1302 2607 1334 2662 et

327 2725 368 2770 ex
388 2701 545 2769 Chronico
568 2699 615 2764 Sti
639 2700 800 2768 benedieti
825 2708 864 2782 ⁶),
887 2724 999 2789 regem
1029 2702 1149 2792 majora
1181 2711 1215 2767 et
1236 2720 1334 2788 prae-

328 2815 422 2900 cipue
451 2806 618 2896 imperium
641 2806 816 2875 Romanurn
840 2811 1035 2897 appetivisse
1057 2809 1152 2897 plane
1176 2806 1333 2894 perspici-

328 2941 408 2985 rnus.
452 2919 598 2983 Attamen
622 2913 742 2981 morbis
765 2916 846 2992 inter
868 2915 982 2984 milites
1005 2923 1139 3001 propter
1161 2911 1278 2979 famem
1303 2925 1334 2980 et

327 3025 453 3090 coelum
480 3019 638 3089 insolitum
659 3020 880 3107 grassantibus
905 3027 937 3102 ⁷)
967 3033 1000 3086 et
1022 3017 1211 3098 Adalberto,
1241 3020 1334 3106 cujus

325 3150 407 3215 opes
431 3129 561 3193 Romam
586 3126 672 3191 eunti
695 3148 820 3194 summe
844 3126 1073 3214 impedimento
1097 3135 1202 3204 erant,
1232 3124 1332 3190 fidem

329 3236 465 3302 violente
491 3239 536 3312 ⁸),
565 3233 699 3320 patriam
729 3233 897 3320 repetendi
928 3231 1093 3311 consilium
1123 3231 1224 3318 cepit,
1254 3231 1335 3297 Tici-

398 3426 424 3496 tl
460 3430 599 3493 lloebmer,
620 3433 758 3494 titali.
870 3426 897 3497 Ξ)
931 3429 1127 3494 Murattlntiq,
1144 3430 1257 3494 vdit.

399 3521 424 3581 Ι)
458 3520 550 3570 cimini
568 3520 599 3581 lt,
621 3521 672 3571 tta
690 3519 739 3574 clr.
757 3521 793 3572 ib.
809 3535 836 3583 p.
856 3525 899 3584 tt,
920 3523 962 3572 ab.

395 3595 424 3669 'u
461 3609 550 3658 aretini
570 3608 617 3657 tt.
819 3605 850 3672 a)
887 3607 1025 3668 mamae,
1046 3609 1123 3662 rtet.

397 3696 423 3755 t)
457 3695 532 3746 Perta
552 3697 598 3747 ss.
617 3694 660 3758 tlt,
680 3701 731 3748 2⁰2
751 3697 889 3758 „cupiens
909 3697 1062 3760 perlingere
1078 3695 1216 3747 aomamt
1322 3720 1334 3735 ‹

398 3780 425 3849 t)
459 3783 557 3834 cleron.
575 3785 612 3836 Sl.
630 3785 729 3836 Beued.
745 3787 763 3835 l.
783 3787 800 3834 l.
831 3784 925 3848 „lame
944 3788 971 3834 et
993 3783 1149 3846 intemperie
1166 3784 1237 3833 aeris
1256 3797 1334 3835 corn·

324 3871 453 3933 pulsns''r
474 3874 540 3922 Ana.
557 3872 631 3923 Fuld.
650 3874 710 3934 8⁹l,
729 3886 843 3935 utrorum
864 3873 947 3925 varba
966 3876 1102 3936 „promer
1119 3871 1225 3923 nanum
1242 3872 1335 3935 lougi-

325 3959 441 4008 tudinem
459 3961 558 4010 itineris
577 3961 766 4025 languescente
784 3959 809 4020 (i.
821 3975 848 4012 e.
868 3957 1031 4026 aegrotante)
1051 3960 1180 4015 euerciltt'¹
1192 3958 1333 4010 arraret-us

323 4045 435 4107 (Gesch.
457 4049 483 4098 d.
502 4051 565 4099 osl—
583 4063 609 4100 u.
631 4048 731 4101 westlr.
752 4049 836 4100 Kerel.
855 4050 882 4101 T.
904 4049 940 4114 ll)
964 4064 1019 4100 non
1043 4052 1118 4104 recte
1143 4049 1333 4110 interpretatus

326 4139 378 4184 esl.
398 4158 429 4170 -

314 4250 317 4254 ⁴
400 4227 427 4285 8t
465 4225 511 4275 cfr·
525 4228 595 4292 tupi
614 4227 673 4280 coa
691 4226 752 4290 atpt.
770 4228 845 4292 serg.
864 4227 883 4291 1,
904 4229 980 4278 retr.
